Description,URL,Title Type,IMDb Rating,Runtime (mins),Genres,Num Votes,Release Date,Directors,production_company,popularity,production_country,language,revenue,sequel_group,budget,Year,Title,sequel_num
,https://www.imdb.com/title/tt0145487/,Movie,7.4,121.0,"Action, Adventure, Sci-Fi",874405,5/3/02,Sam Raimi,"Marvel Enterprises, Laura Ziskin Productions, Columbia Pictures",113.559,United States of America,en,821708551,1,139000000,2002,Spider-Man,1
,https://www.imdb.com/title/tt0316654/,Movie,7.5,127.0,"Action, Adventure, Sci-Fi",704005,6/30/04,Sam Raimi,"Marvel Enterprises, Laura Ziskin Productions, Columbia Pictures",39.44,United States of America,en,788976453,1,200000000,2004,Spider-Man 2,2
,https://www.imdb.com/title/tt0413300/,Movie,6.3,139.0,"Action, Adventure, Sci-Fi",633858,5/4/07,Sam Raimi,"Laura Ziskin Productions, Marvel Studios, Columbia Pictures",85.522,United States of America,en,894983373,1,258000000,2007,Spider-Man 3,3
,https://www.imdb.com/title/tt0133093/,Movie,8.7,136.0,"Action, Sci-Fi",2040270,3/31/1999,"Lana Wachowski, Lilly Wachowski","Village Roadshow Pictures, Groucho II Film Partnership, Silver Pictures, Warner Bros. Pictures",106.254,United States of America,en,463517383,2,63000000,1999,The Matrix,1
,https://www.imdb.com/title/tt0234215/,Movie,7.2,138.0,"Action, Sci-Fi",627738,5/15/03,"Lana Wachowski, Lilly Wachowski","Village Roadshow Pictures, Silver Pictures, NPV Entertainment",70.44,United States of America,en,738599701,2,150000000,2003,The Matrix Reloaded,2
,https://www.imdb.com/title/tt0242653/,Movie,6.7,129.0,"Action, Sci-Fi",541162,11/5/03,"Lana Wachowski, Lilly Wachowski","Village Roadshow Pictures, NPV Entertainment, Silver Pictures",59.574,United States of America,en,424988211,2,150000000,2003,The Matrix Revolutions,3
,https://www.imdb.com/title/tt0120737/,Movie,8.9,178.0,"Action, Adventure, Drama, Fantasy",1995269,12/19/01,Peter Jackson,"New Line Cinema, WingNut Films, The Saul Zaentz Company",133.992,"New Zealand, United States of America",en,871368364,3,93000000,2001,The Lord of the Rings: The Fellowship of the Ring,1
,https://www.imdb.com/title/tt0167261/,Movie,8.8,179.0,"Action, Adventure, Drama, Fantasy",1773498,12/18/02,Peter Jackson,"New Line Cinema, WingNut Films, The Saul Zaentz Company",107.742,"New Zealand, United States of America",en,926287400,3,79000000,2002,The Lord of the Rings: The Two Towers,2
,https://www.imdb.com/title/tt0167260/,Movie,9.0,201.0,"Action, Adventure, Drama, Fantasy",1967246,12/17/03,Peter Jackson,"New Line Cinema, WingNut Films, The Saul Zaentz Company",122.507,"New Zealand, United States of America",en,1118888979,3,94000000,2003,The Lord of the Rings: The Return of the King,3
,https://www.imdb.com/title/tt0088763/,Movie,8.5,116.0,"Adventure, Comedy, Sci-Fi",1298969,7/3/1985,Robert Zemeckis,"Universal Pictures, Amblin Entertainment",80.966,United States of America,en,381109762,4,19000000,1985,Back to the Future,1
,https://www.imdb.com/title/tt0096874/,Movie,7.8,108.0,"Adventure, Comedy, Sci-Fi",569700,11/22/1989,Robert Zemeckis,"Universal Pictures, Amblin Entertainment",51.688,United States of America,en,332000000,4,40000000,1989,Back to the Future Part II,2
,https://www.imdb.com/title/tt0099088/,Movie,7.4,118.0,"Adventure, Comedy, Sci-Fi, Western",478504,5/25/1990,Robert Zemeckis,"Universal Pictures, Amblin Entertainment",38.361,United States of America,en,244527583,4,40000000,1990,Back to the Future Part III,3
,https://www.imdb.com/title/tt0093409/,Movie,7.6,109.0,"Action, Crime, Thriller",275171,3/6/1987,Richard Donner,"Silver Pictures, Warner Bros. Pictures, Warner Bros.",42.978,United States of America,en,120200000,5,15000000,1987,Lethal Weapon,1
,https://www.imdb.com/title/tt0097733/,Movie,7.3,114.0,"Action, Crime, Thriller",188019,7/7/1989,Richard Donner,"Silver Pictures, Warner Bros. Pictures, Warner Bros.",43.488,United States of America,en,227900000,5,25000000,1989,Lethal Weapon 2,2
,https://www.imdb.com/title/tt0104714/,Movie,6.7,118.0,"Action, Crime, Thriller",177906,5/15/1992,Richard Donner,"Silver Pictures, Warner Bros. Pictures, St. Petersburg Clearwater Film Commision",47.615,United States of America,en,321700000,5,35000000,1992,Lethal Weapon 3,3
,https://www.imdb.com/title/tt0122151/,Movie,6.6,127.0,"Action, Crime, Thriller",171713,7/10/1998,Richard Donner,"Silver Pictures, Donner/Shuler-Donner Productions, Warner Bros. Pictures",50.716,United States of America,en,285400000,5,140000000,1998,Lethal Weapon 4,4
,https://www.imdb.com/title/tt0095016/,Movie,8.2,132.0,"Action, Thriller",941008,7/20/1988,John McTiernan,"Gordon Company, Silver Pictures, 20th Century Fox",43.493,United States of America,en,140767956,6,28000000,1988,Die Hard,1
,https://www.imdb.com/title/tt0099423/,Movie,7.1,124.0,"Action, Thriller",381891,7/3/1990,Renny Harlin,"Gordon Company, Silver Pictures, 20th Century Fox",67.239,United States of America,en,240031094,6,70000000,1990,Die Hard 2,2
,https://www.imdb.com/title/tt0112864/,Movie,7.6,128.0,"Action, Adventure, Thriller",406803,5/19/1995,John McTiernan,"20th Century Fox, Cinergi Pictures",47.811,United States of America,en,366101666,6,90000000,1995,Die Hard with a Vengeance,3
,https://www.imdb.com/title/tt0337978/,Movie,7.1,128.0,"Action, Thriller",419812,6/27/07,Len Wiseman,"Dune Entertainment, Cheyenne Enterprises, Wintergreen Productions, 20th Century Fox, Ingenious Media",49.718,"United Kingdom, United States of America",en,383531464,6,110000000,2007,Live Free or Die Hard,4
,https://www.imdb.com/title/tt1606378/,Movie,5.2,98.0,"Action, Thriller",214648,2/14/13,John Moore,"Mid Atlantic Films, Ingenious Media, Dune Entertainment, Big Screen Productions, Temple Hill Entertainment, TSG Entertainment, Giant Pictures, Origo Film Group, 20th Century Fox",43.552,United States of America,en,304654182,6,92000000,2013,A Good Day to Die Hard,5
,https://www.imdb.com/title/tt0079501/,Movie,6.8,88.0,"Action, Adventure, Sci-Fi, Thriller",220822,3/21/1980,George Miller,"Kennedy Miller Productions, Crossroads, Mad Max Films, American International Pictures",52.218,"Australia, United States of America",en,100000000,7,350000,1980,Mad Max,1
,https://www.imdb.com/title/tt0082694/,Movie,7.6,96.0,"Action, Adventure, Sci-Fi, Thriller",192520,5/21/1982,George Miller,Magnum Films Limited,1.949,Hong Kong,cn,0,7,0,1982,The Road Warrior,2
,https://www.imdb.com/title/tt0089530/,Movie,6.2,107.0,"Action, Adventure, Sci-Fi",146776,7/10/1985,"George Miller, George Ogilvie","Kennedy Miller Productions, Warner Bros. Pictures, Roadshow Films, Warner Bros.",44.073,"Australia, United States of America",en,36230219,7,10000000,1985,Mad Max Beyond Thunderdome,3
,https://www.imdb.com/title/tt0075148/,Movie,8.1,120.0,"Drama, Sport",625132,12/3/1976,John G. Avildsen,Winkler Films,67.479,United States of America,en,225300000,8,1000000,1976,Rocky,1
,https://www.imdb.com/title/tt0079817/,Movie,7.3,119.0,"Drama, Sport",230211,6/15/1979,Sylvester Stallone,"Winkler Films, United Artists",39.782,United States of America,en,85200000,8,7000000,1979,Rocky II,2
,https://www.imdb.com/title/tt0084602/,Movie,6.8,99.0,"Drama, Sport",210244,5/28/1982,Sylvester Stallone,"United Artists, Chartoff-Winkler Productions",41.804,United States of America,en,270000000,8,17000000,1982,Rocky III,3
,https://www.imdb.com/title/tt0089927/,Movie,6.9,91.0,"Drama, Sport",225356,11/27/1985,Sylvester Stallone,"Winkler Films, United Artists",66.35,United States of America,en,300500000,8,31000000,1985,Rocky IV,4
,https://www.imdb.com/title/tt0100507/,Movie,5.4,104.0,"Drama, Sport",150014,11/16/1990,John G. Avildsen,"United Artists, Winkler Films, Metro-Goldwyn-Mayer",39.952,United States of America,en,120000000,8,42000000,1990,Rocky V,5
,https://www.imdb.com/title/tt0479143/,Movie,7.1,102.0,"Action, Drama, Sport",230777,12/20/06,Sylvester Stallone,"Metro-Goldwyn-Mayer, Columbia Pictures, Revolution Studios, Chartoff-Winkler Productions",42.164,United States of America,en,155900000,8,24000000,2006,Rocky Balboa,6
,https://www.imdb.com/title/tt0083944/,Movie,7.7,93.0,"Action, Adventure, Thriller",273845,10/22/1982,Ted Kotcheff,"Carolco Pictures, Anabasis N.V., Elcajo Productions, Cinema 84, Orion Pictures",58.544,United States of America,en,125212904,9,15000000,1982,First Blood,1
,https://www.imdb.com/title/tt0089880/,Movie,6.5,96.0,"Action, Adventure, Thriller",181615,5/22/1985,George P. Cosmatos,"Carolco Pictures, Estudios Churubusco Azteca, Anabasis N.V.",63.309,"United States of America, Mexico",en,300400432,9,44000000,1985,Rambo: First Blood Part II,2
,https://www.imdb.com/title/tt0095956/,Movie,5.8,102.0,"Action, Adventure, Thriller",139651,5/25/1988,Peter MacDonald,"TriStar Pictures, Carolco Pictures",51.578,United States of America,en,189015611,9,63000000,1988,Rambo III,3
,https://www.imdb.com/title/tt0462499/,Movie,7.0,92.0,"Action, Adventure, Thriller",243775,1/25/08,Sylvester Stallone,"Nu Image, Equity Pictures Medienfonds GmbH & Co. KG IV, Millennium Media, Lionsgate, The Weinstein Company",67.426,"Germany, United States of America",en,113200000,9,50000000,2008,Rambo,4
,https://www.imdb.com/title/tt0088247/,Movie,8.1,107.0,"Action, Adventure, Sci-Fi",919381,10/26/1984,James Cameron,"Orion Pictures, Hemdale, Pacific Western, Cinema 84",78.094,"United Kingdom, United States of America",en,78371200,10,6400000,1984,The Terminator,1
,https://www.imdb.com/title/tt0103064/,Movie,8.6,137.0,"Action, Adventure, Sci-Fi",1167999,7/3/1991,James Cameron,"Carolco Pictures, Pacific Western, Lightstorm Entertainment, Le Studio Canal+, TriStar Pictures",83.258,"France, United States of America",en,520000000,10,102000000,1991,Terminator 2: Judgment Day,2
,https://www.imdb.com/title/tt0181852/,Movie,6.3,109.0,"Action, Sci-Fi",417407,7/2/03,Jonathan Mostow,"IMF Internationale Medien und Film GmbH & Co. 3. Produktions KG, C2 Pictures, Mostow/Lieberman Productions, Intermedia, Senator International, Valhalla Motion Pictures",55.52,"Germany, United Kingdom, United States of America",en,435000000,10,200000000,2003,Terminator 3: Rise of the Machines,3
,https://www.imdb.com/title/tt0438488/,Movie,6.5,115.0,"Action, Adventure, Sci-Fi",376271,5/21/09,McG,"The Halcyon Company, Moritz Borman Productions, Wonderland Sound and Vision, Lin Pictures, Mandate International, T Asset Acquisition Company",49.449,United States of America,en,371353001,10,200000000,2009,Terminator Salvation,4
,https://www.imdb.com/title/tt0093870/,Movie,7.6,102.0,"Action, Crime, Sci-Fi, Thriller",281470,7/17/1987,Paul Verhoeven,Orion Pictures,66.17,United States of America,en,53424681,11,13000000,1987,RoboCop,1
,https://www.imdb.com/title/tt0100502/,Movie,5.8,117.0,"Action, Crime, Sci-Fi, Thriller",92763,6/22/1990,Irvin Kershner,Orion Pictures,29.799,United States of America,en,45681173,11,35000000,1990,RoboCop 2,2
,https://www.imdb.com/title/tt0107978/,Movie,4.1,104.0,"Action, Crime, Sci-Fi, Thriller",54110,11/5/1993,Fred Dekker,"Orion Pictures, Metro-Goldwyn-Mayer",46.567,United States of America,en,10696210,11,22000000,1993,RoboCop 3,3
,https://www.imdb.com/title/tt0120903/,Movie,7.3,104.0,"Action, Adventure, Sci-Fi",643742,7/14/00,Bryan Singer,"The Donners' Company, Bad Hat Harry Productions, 20th Century Fox, Marvel Entertainment Group",4.047,United States of America,en,296339527,12,75000000,2000,X-Men,1
,https://www.imdb.com/title/tt0290334/,Movie,7.4,134.0,"Action, Sci-Fi, Thriller",573892,5/2/03,Bryan Singer,"The Donners' Company, Bad Hat Harry Productions, 20th Century Fox, Marvel Enterprises",3.142,United States of America,en,407711549,12,110000000,2003,X2,2
,https://www.imdb.com/title/tt0376994/,Movie,6.6,104.0,"Action, Adventure, Sci-Fi",538699,5/26/06,Brett Ratner,"The Donners' Company, 20th Century Fox",3.056,United States of America,en,459359555,13,210000000,2006,X-Men: The Last Stand,1
,https://www.imdb.com/title/tt1270798/,Movie,7.7,131.0,"Action, Sci-Fi",721059,6/3/11,Matthew Vaughn,"The Donners' Company, Bad Hat Harry Productions, 20th Century Fox",3.344,United States of America,en,353624124,13,160000000,2011,X-Men: First Class,2
,https://www.imdb.com/title/tt1877832/,Movie,7.9,132.0,"Action, Adventure, Sci-Fi, Thriller",742544,5/23/14,Bryan Singer,"Bad Hat Harry Productions, The Donners' Company, Simon Kinberg Productions, 20th Century Fox",83.389,United States of America,en,747862775,13,250000000,2014,X-Men: Days of Future Past,3
,https://www.imdb.com/title/tt0458525/,Movie,6.5,107.0,"Action, Sci-Fi",528428,5/1/09,Gavin Hood,"The Donners' Company, Seed Productions, 20th Century Fox",7.866,United States of America,en,373062864,14,150000000,2009,X-Men Origins: Wolverine,1
,https://www.imdb.com/title/tt1430132/,Movie,6.7,126.0,"Action, Sci-Fi",490138,7/26/13,James Mangold,"The Donners' Company, 20th Century Fox",9.57,United States of America,en,415440673,14,120000000,2013,The Wolverine,2
,https://www.imdb.com/title/tt0232500/,Movie,6.8,106.0,"Action, Crime, Thriller",417411,6/22/01,Rob Cohen,"Ardustry Entertainment, Universal Pictures, Original Film, Mediastream Film GmbH & Co. Productions KG",7.198,"Germany, United States of America",en,207283925,15,38000000,2001,The Fast and the Furious,1
,https://www.imdb.com/title/tt0322259/,Movie,5.9,107.0,"Action, Crime, Thriller",296118,6/6/03,John Singleton,"Ardustry Entertainment, Mikona Productions, Original Film, Universal Pictures",8.599,"Germany, United States of America",en,236350661,15,76000000,2003,2 Fast 2 Furious,2
,https://www.imdb.com/title/tt0463985/,Movie,6.0,104.0,"Action, Crime, Thriller",297971,6/16/06,Justin Lin,"MP Munich Pape Filmproductions, Original Film, Relativity Media, Universal Pictures",15.615,"Germany, United States of America",en,158964610,15,85000000,2006,The Fast and the Furious: Tokyo Drift,3
,https://www.imdb.com/title/tt1013752/,Movie,6.5,107.0,"Action, Crime, Thriller",309809,4/3/09,Justin Lin,"dentsu, Universal Pictures, Relativity Media, Original Film, One Race",8.048,"Japan, United States of America",en,363164265,15,85000000,2009,Fast & Furious,4
,https://www.imdb.com/title/tt1596343/,Movie,7.3,130.0,"Action, Crime, Thriller",405637,4/29/11,Justin Lin,"Original Film, Universal Pictures, One Race",9.703,United States of America,en,626100000,15,125000000,2011,Fast Five,5
,https://www.imdb.com/title/tt0134847/,Movie,7.0,109.0,"Action, Horror, Sci-Fi, Thriller",252259,2/18/00,David Twohy,Interscope Communications,16.431,United States of America,en,53187659,16,23000000,2000,Pitch Black,1
,https://www.imdb.com/title/tt0296572/,Movie,6.6,119.0,"Action, Adventure, Sci-Fi, Thriller",241011,6/11/04,David Twohy,"Radar Pictures, One Race, Primal Foe Productions",17.048,United States of America,en,115772733,16,105000000,2004,The Chronicles of Riddick,2
,https://www.imdb.com/title/tt1411250/,Movie,6.4,119.0,"Action, Adventure, Sci-Fi, Thriller",177365,9/6/13,David Twohy,"One Race, Riddick Canada Productions, Radar Pictures, Universal Pictures, Mandate International, Radar Films",33.671,"Canada, United States of America, United Kingdom",en,98337295,16,38000000,2013,Riddick,3
,https://www.imdb.com/title/tt0293662/,Movie,6.8,92.0,"Action, Crime, Thriller",319981,10/11/02,"Louis Leterrier, Corey Yuen","TF1 Films Production, EuropaCorp, Current Entertainment, Canal+",59.659,"United States of America, France",en,43900000,19,21000000,2002,The Transporter,1
,https://www.imdb.com/title/tt0388482/,Movie,6.3,87.0,"Action, Crime, Thriller",214594,9/2/05,Louis Leterrier,"TPS Star, EuropaCorp, Current Entertainment, Sea Side Films Florida Inc., Canal+, TF1 Films Production",64.541,"France, United States of America, Germany",en,89100000,19,32000000,2005,Transporter 2,2
,https://www.imdb.com/title/tt1129442/,Movie,6.1,104.0,"Action, Adventure, Thriller",176309,11/26/08,Olivier Megaton,"Grive Productions, EuropaCorp, TF1 Films Production, Quinta Communications, Current Entertainment, Canal+",61.783,"France, United States of America",en,109000000,19,30000000,2008,Transporter 3,3
,https://www.imdb.com/title/tt0479884/,Movie,6.9,88.0,"Action, Crime, Thriller",262649,9/1/06,"Mark Neveldine, Brian Taylor","Lakeshore Entertainment, RadicalMedia, GreeneStreet Films, Lionsgate",35.797,United States of America,en,42900000,20,12000000,2006,Crank,1
,https://www.imdb.com/title/tt1121931/,Movie,6.1,96.0,"Action, Crime, Thriller",158385,4/17/09,"Mark Neveldine, Brian Taylor","Lionsgate, Lakeshore Entertainment, RadicalMedia",40.404,United States of America,en,34600000,20,20000000,2009,Crank: High Voltage,2
,https://www.imdb.com/title/tt0078748/,Movie,8.5,117.0,"Horror, Sci-Fi",944356,6/22/1979,Ridley Scott,"20th Century Fox, Brandywine Productions",150.954,"United States of America, United Kingdom",en,104931801,21,11000000,1979,Alien,1
,https://www.imdb.com/title/tt0090605/,Movie,8.4,137.0,"Action, Adventure, Sci-Fi, Thriller",758944,7/18/1986,James Cameron,"SLM Production Group, 20th Century Fox, Brandywine Productions",90.922,United States of America,en,183316455,21,18500000,1986,Aliens,2
,https://www.imdb.com/title/tt0103644/,Movie,6.4,114.0,"Action, Horror, Sci-Fi",317834,5/22/1992,David Fincher,"20th Century Fox, Brandywine Productions",55.032,"United Kingdom, United States of America",en,159773545,21,50000000,1992,Alien³,3
,https://www.imdb.com/title/tt0118583/,Movie,6.2,109.0,"Action, Horror, Sci-Fi",262107,11/26/1997,Jean-Pierre Jeunet,"20th Century Fox, Brandywine Productions",55.412,"United States of America, France",en,162000000,21,70000000,1997,Alien Resurrection,4
,https://www.imdb.com/title/tt0370263/,Movie,5.7,101.0,"Action, Adventure, Horror, Sci-Fi, Thriller",211291,8/13/04,Paul W.S. Anderson,"Revolution Sun Studios, Impact Pictures, Studio Babelsberg, Davis Entertainment, Stillking Films, Lonlink Productions, Kut Productions, Inside Track Films, Charenton Productions Limited, 20th Century Fox, Brandywine Productions",37.613,"Czech Republic, Germany, United Kingdom, United States of America",en,177427090,438,70000000,2004,Alien vs. Predator,1
,https://www.imdb.com/title/tt0758730/,Movie,4.6,94.0,"Action, Horror, Sci-Fi, Thriller",132559,12/25/07,"Colin Strause, Greg Strause","Dune Entertainment, Davis Entertainment, 20th Century Fox, Brandywine Productions",64.916,United States of America,en,130290885,438,40000000,2007,Aliens vs. Predator: Requiem,2
,https://www.imdb.com/title/tt0093773/,Movie,7.8,107.0,"Action, Adventure, Horror, Sci-Fi",452195,6/12/1987,John McTiernan,"Silver Pictures, 20th Century Fox, Lawrence Gordon Productions, Davis Entertainment, Amercent Films, American Entertainment Partners L.P., Estudios Churubusco Azteca S.A.",94.892,"Mexico, United States of America",en,98267558,22,15000000,1987,Predator,1
,https://www.imdb.com/title/tt0100403/,Movie,6.3,108.0,"Action, Horror, Sci-Fi",181478,11/21/1990,Stephen Hopkins,"Davis Entertainment, Lawrence Gordon Productions, Silver Pictures, 20th Century Fox",69.795,United States of America,en,57120318,22,35000000,1990,Predator 2,2
,https://www.imdb.com/title/tt1424381/,Movie,6.4,107.0,"Action, Adventure, Fantasy, Sci-Fi, Thriller",242987,7/9/10,Nimród Antal,"Davis Entertainment, 20th Century Fox, Dune Entertainment, Troublemaker Studios",54.487,United States of America,en,127200000,22,40000000,2010,Predators,3
,https://www.imdb.com/title/tt0083907/,Movie,7.4,85.0,Horror,231443,4/15/1983,Sam Raimi,"Renaissance Pictures, New Line Cinema",50.676,United States of America,en,29612367,23,350000,1983,The Evil Dead,1
,https://www.imdb.com/title/tt0092991/,Movie,7.7,84.0,"Comedy, Horror",181100,3/13/1987,Sam Raimi,"Rosebud Releasing Corporation, Renaissance Pictures, Dino De Laurentiis Company",45.035,United States of America,en,10900000,23,3500000,1987,Evil Dead II,2
,https://www.imdb.com/title/tt0106308/,Movie,7.4,81.0,"Comedy, Horror",193577,2/19/1993,Sam Raimi,"Renaissance Pictures, Dino De Laurentiis Company, Introvision International, Universal Pictures",33.894,United States of America,en,21502976,23,11000000,1993,Army of Darkness,3
,https://www.imdb.com/title/tt0387564/,Movie,7.6,103.0,"Horror, Mystery, Thriller",464207,10/29/04,James Wan,"Twisted Pictures, Evolution Entertainment, Saw Productions Inc.",58.831,United States of America,en,103911669,24,1200000,2004,Saw,1
,https://www.imdb.com/title/tt0432348/,Movie,6.6,93.0,"Horror, Mystery",275199,10/28/05,Darren Lynn Bousman,"Got Films, Twisted Pictures, Evolution Entertainment, Saw 2 Productions, Lionsgate",58.292,United States of America,en,147748505,24,4000000,2005,Saw II,2
,https://www.imdb.com/title/tt0489270/,Movie,6.2,108.0,"Horror, Mystery, Thriller",211370,10/27/06,Darren Lynn Bousman,"Twisted Pictures, Evolution Entertainment, Lionsgate",47.965,United States of America,en,164876498,24,10000000,2006,Saw III,3
,https://www.imdb.com/title/tt0890870/,Movie,5.9,93.0,"Horror, Mystery, Thriller",164057,10/26/07,Darren Lynn Bousman,"Twisted Pictures, Lionsgate",48.853,United States of America,en,139352633,24,10000000,2007,Saw IV,4
,https://www.imdb.com/title/tt1132626/,Movie,5.8,92.0,"Horror, Thriller",136931,10/24/08,David Hackl,"Twisted Pictures, Mandate Pictures",48.968,United States of America,en,113864059,24,10800000,2008,Saw V,5
,https://www.imdb.com/title/tt1233227/,Movie,6.0,90.0,"Horror, Mystery, Thriller",124518,10/23/09,Kevin Greutert,"Lionsgate, Twisted Pictures, Mandate Pictures",47.188,United States of America,en,68234154,24,11000000,2009,Saw VI,6
,https://www.imdb.com/title/tt1477076/,Movie,5.5,90.0,"Horror, Mystery",109116,10/29/10,Kevin Greutert,"Lionsgate, Twisted Pictures, Serendipity Productions, Mandate Pictures",66.949,United States of America,en,136435701,24,20000000,2010,Saw 3D,7
,https://www.imdb.com/title/tt0114508/,Movie,5.9,108.0,"Action, Horror, Sci-Fi, Thriller",84930,7/7/1995,Roger Donaldson,"Metro-Goldwyn-Mayer, Frank Mancuso Jr. Productions, MGM, United Artists",52.516,United States of America,en,113400000,25,35000000,1995,Species,1
,https://www.imdb.com/title/tt0120841/,Movie,4.5,93.0,"Action, Horror, Sci-Fi, Thriller",31189,4/10/1998,Peter Medak,"Metro-Goldwyn-Mayer, FGM Entertainment",25.667,United States of America,en,19200000,25,35000000,1998,Species II,2
,https://www.imdb.com/title/tt0410650/,TV Movie,4.2,111.0,"Horror, Sci-Fi",10742,2/11/05,Brad Turner,"FGM Entertainment, Metro-Goldwyn-Mayer",32.313,United States of America,en,0,25,0,2005,Species III,3
,https://www.imdb.com/title/tt0844894/,TV Movie,4.0,103.0,"Action, Adventure, Horror, Sci-Fi, Thriller",7766,10/2/07,Nick Lyon,"360 Pictures, Metro-Goldwyn-Mayer",27.745,United States of America,en,0,25,3800000,2007,Species: The Awakening,4
,https://www.imdb.com/title/tt0117571/,Movie,7.4,111.0,"Horror, Mystery",386267,12/20/1996,Wes Craven,"Dimension Films, Woods Entertainment, Miramax",65.954,United States of America,en,173100000,26,14000000,1996,Scream,1
,https://www.imdb.com/title/tt0120082/,Movie,6.3,120.0,"Horror, Mystery",208607,12/12/1997,Wes Craven,"Dimension Films, Konrad Pictures, Craven-Maddalena Films, Miramax",90.307,United States of America,en,172400000,26,24000000,1997,Scream 2,2
,https://www.imdb.com/title/tt0134084/,Movie,5.6,116.0,"Horror, Mystery",163276,2/4/00,Wes Craven,"Dimension Films, Konrad Pictures, Craven-Maddalena Films",61.681,United States of America,en,161800000,26,40000000,2000,Scream 3,3
,https://www.imdb.com/title/tt1262416/,Movie,6.2,111.0,"Comedy, Horror, Mystery",170382,4/15/11,Wes Craven,"Dimension Films, Outerbanks Entertainment",54.67,United States of America,en,97200000,26,40000000,2011,Scream 4,4
,https://www.imdb.com/title/tt0195714/,Movie,6.7,98.0,"Horror, Thriller",277920,3/17/00,James Wong,"Hard Eight Pictures, New Line Cinema, Zide-Perry Productions",55.604,United States of America,en,112900000,27,23000000,2000,Final Destination,1
,https://www.imdb.com/title/tt0309593/,Movie,6.2,90.0,"Horror, Thriller",181015,1/31/03,David R. Ellis,"New Line Cinema, Zide-Perry Productions",52.155,"United States of America, Canada",en,90900000,27,26000000,2003,Final Destination 2,2
,https://www.imdb.com/title/tt0414982/,Movie,5.8,93.0,"Horror, Thriller",153033,2/10/06,James Wong,"New Line Cinema, Zide-Perry Productions, Kumar Mobiliengesellschaft mbH & Co. Projekt Nr. 1 KG, Hard Eight Pictures, Matinee Pictures, Practical Pictures",54.057,"Canada, Germany, United States of America",en,118900000,27,25000000,2006,Final Destination 3,3
,https://www.imdb.com/title/tt1144884/,Movie,5.1,82.0,"Horror, Thriller",114519,8/28/09,David R. Ellis,"Parallel Zide, New Line Cinema, Practical Pictures, FlipZide",41.519,United States of America,en,186200000,27,40000000,2009,The Final Destination,4
,https://www.imdb.com/title/tt1622979/,Movie,5.9,92.0,"Horror, Thriller",124461,8/12/11,Steven Quale,"Parallel Zide, New Line Cinema, Practical Pictures",57.911,United States of America,en,157900000,27,47000000,2011,Final Destination 5,5
,https://www.imdb.com/title/tt0320691/,Movie,7.0,121.0,"Action, Fantasy, Thriller",284178,9/19/03,Len Wiseman,"Screen Gems, Lakeshore Entertainment, Laurinfilm, Subterranean Productions LLC, Subterranean Productions UK Ltd., Underworld Produktions GmbH",57.215,"Germany, Hungary, United Kingdom, United States of America",en,95708457,28,22000000,2003,Underworld,1
,https://www.imdb.com/title/tt0401855/,Movie,6.7,106.0,"Action, Fantasy, Thriller",208679,1/20/06,Len Wiseman,"Screen Gems, Lakeshore Entertainment",47.827,"United States of America, Canada, Hungary",en,111476513,28,50000000,2006,Underworld: Evolution,2
,https://www.imdb.com/title/tt0834001/,Movie,6.5,92.0,"Action, Fantasy, Thriller",167340,1/23/09,Patrick Tatopoulos,"Screen Gems, Lakeshore Entertainment, Sketch Films, UW3 Film Productions",36.979,United States of America,en,92158961,28,35000000,2009,Underworld: Rise of the Lycans,3
,https://www.imdb.com/title/tt1496025/,Movie,6.3,88.0,"Action, Fantasy, Horror, Thriller",160759,1/20/12,"Måns Mårlind, Björn Stein","Screen Gems, Lakeshore Entertainment, Sketch Films, UW4 Productions",51.332,United States of America,en,160112671,28,70000000,2012,Underworld: Awakening,4
,https://www.imdb.com/title/tt0099365/,Movie,6.4,96.0,"Action, Sci-Fi, Thriller",69486,8/24/1990,Sam Raimi,"Universal Pictures, Renaissance Pictures",36.015,United States of America,en,48900000,29,16000000,1990,Darkman,1
,https://www.imdb.com/title/tt0109552/,Video,5.1,93.0,"Action, Crime, Horror, Sci-Fi, Thriller",5849,7/11/1995,Bradford May,"Renaissance Pictures, Universal Pictures",14.67,United States of America,en,0,29,0,1995,Darkman II: The Return of Durant,2
,https://www.imdb.com/title/tt0116033/,Video,4.7,87.0,"Action, Crime, Horror, Sci-Fi, Thriller",4257,8/20/1996,Bradford May,"Renaissance Pictures, Universal Pictures",9.881,United States of America,en,0,29,0,1996,Darkman III: Die Darkman Die,3
,https://www.imdb.com/title/tt0418279/,Movie,7.0,144.0,"Action, Adventure, Sci-Fi",672384,7/3/07,Michael Bay,"DreamWorks Pictures, di Bonaventura Pictures, DeSanto/Murphy Productions",21.017,United States of America,en,709700000,30,150000000,2007,Transformers,1
,https://www.imdb.com/title/tt1055369/,Movie,6.0,149.0,"Action, Adventure, Sci-Fi",426865,6/24/09,Michael Bay,"DreamWorks Pictures, Paramount, di Bonaventura Pictures, DeSanto/Murphy Productions, Ian Bryce Productions",19.625,United States of America,en,836300000,30,200000000,2009,Transformers: Revenge of the Fallen,2
,https://www.imdb.com/title/tt1399103/,Movie,6.2,154.0,"Action, Adventure, Sci-Fi",430598,6/29/11,Michael Bay,"Paramount, di Bonaventura Pictures, DeSanto/Murphy Productions, Ian Bryce Productions",15.451,United States of America,en,1123800000,30,195000000,2011,Transformers: Dark of the Moon,3
,https://www.imdb.com/title/tt0163651/,Movie,7.0,95.0,Comedy,431828,7/9/1999,"Paul Weitz, Chris Weitz","Summit Entertainment, Universal Pictures, Newmarket Capital Group, Zide-Perry Productions",50.234,United States of America,en,235500000,31,11000000,1999,American Pie,1
,https://www.imdb.com/title/tt0252866/,Movie,6.4,108.0,Comedy,269275,8/10/01,J.B. Rogers,"Universal Pictures, Liveplanet, Zide-Perry Productions",54.82,United States of America,en,287553595,31,30000000,2001,American Pie 2,2
,https://www.imdb.com/title/tt0328828/,Movie,6.3,96.0,Comedy,216480,8/1/03,Jesse Dylan,"Loumolo & Co., Universal Pictures, LivePlanet, Zide-Perry Productions",56.721,United States of America,en,231449203,31,55000000,2003,American Wedding,3
,https://www.imdb.com/title/tt0436058/,Video,5.0,87.0,Comedy,75399,12/26/05,Steve Rash,"Rogue Pictures, Universal Pictures",46.392,United States of America,en,0,31,7000000,2005,American Pie Presents: Band Camp,4
,https://www.imdb.com/title/tt0808146/,Video,5.1,97.0,Comedy,73888,12/19/06,Joe Nussbaum,"Rogue Pictures, Neo Art & Logic",50.156,United States of America,en,0,31,0,2006,American Pie Presents: The Naked Mile,5
,https://www.imdb.com/title/tt0974959/,Video,5.3,85.0,Comedy,67550,12/26/07,Andrew Waller,"Rogue Pictures, Neo Art & Logic",51.239,"United States of America, Canada",en,18610260,31,10000000,2007,American Pie Presents: Beta House,6
,https://www.imdb.com/title/tt1407050/,Video,4.7,93.0,Comedy,49294,12/22/09,John Putch,"Capital Arts Entertainment, Universal Pictures Home Entertainment",41.815,United States of America,en,5021219,31,8000000,2009,American Pie Presents: The Book of Love,7
,https://www.imdb.com/title/tt0120667/,Movie,5.7,106.0,"Action, Adventure, Fantasy, Sci-Fi",342886,7/8/05,Tim Story,"Kumar Mobiliengesellschaft mbH & Co. Projekt Nr. 3 KG, 1492 Pictures, Marvel Enterprises, 20th Century Fox, Bernd Eichinger Productions, Constantin Film",58.348,"Germany, United States of America",en,333535934,32,100000000,2005,Fantastic Four,1
,https://www.imdb.com/title/tt0486576/,Movie,5.6,92.0,"Action, Adventure, Fantasy, Sci-Fi",276603,6/15/07,Tim Story,"1492 Pictures, Bernd Eichinger Productions, 20th Century Fox, Constantin Film, Marvel Studios, Ingenious Film Partners",31.508,"Germany, United Kingdom, United States of America",en,301913131,32,130000000,2007,Fantastic Four: Rise of the Silver Surfer,2
,https://www.imdb.com/title/tt0286716/,Movie,5.6,138.0,"Action, Sci-Fi",277874,6/20/03,Ang Lee,"Marvel Enterprises, Universal Pictures, Good Machine, Valhalla Motion Pictures",52.518,United States of America,en,245360480,33,137000000,2003,Hulk,1
,https://www.imdb.com/title/tt0800080/,Movie,6.6,112.0,"Action, Adventure, Sci-Fi",521349,6/13/08,Louis Leterrier,"Marvel Studios, Valhalla Motion Pictures, Marvel Entertainment",59.493,United States of America,en,163712074,33,150000000,2008,The Incredible Hulk,2
,https://www.imdb.com/title/tt0078346/,Movie,7.4,143.0,"Action, Adventure, Sci-Fi",186762,12/15/1978,Richard Donner,"Dovemead Films, Alexander and Ilya Salkind Productions, International Film Production",57.014,"Switzerland, United Kingdom, United States of America",en,300218018,34,55000000,1978,Superman,1
,https://www.imdb.com/title/tt0081573/,Movie,6.8,127.0,"Action, Adventure, Sci-Fi",114207,6/19/1981,Richard Lester,"Dovemead Films, Alexander and Ilya Salkind Productions, International Film Production",39.565,"United Kingdom, United States of America, Canada",en,190458706,34,54000000,1981,Superman II,2
,https://www.imdb.com/title/tt0086393/,Movie,5.0,125.0,"Action, Adventure, Comedy, Sci-Fi",74475,6/17/1983,Richard Lester,"Dovemead Films, Alexander and Ilya Salkind Productions",38.557,"United Kingdom, United States of America, India",en,75850624,34,39000000,1983,Superman III,3
,https://www.imdb.com/title/tt0094074/,Movie,3.7,90.0,"Action, Adventure, Sci-Fi",52485,7/24/1987,Sidney J. Furie,"The Cannon Group, London-Cannon Films, Golan-Globus Productions, Warner Bros. Pictures",34.461,"United Kingdom, United States of America",en,19300000,34,17000000,1987,Superman IV: The Quest for Peace,4
,https://www.imdb.com/title/tt0139134/,Movie,6.8,97.0,"Drama, Romance",204157,3/5/1999,Roger Kumble,"Columbia Pictures, Newmarket Capital Group, Original Film, Neal H. Moritz Productions",33.01,United States of America,en,76347426,35,10500000,1999,Cruel Intentions,1
,https://www.imdb.com/title/tt0196267/,Video,4.4,87.0,Drama,16144,3/13/01,Roger Kumble,"Newmarket Capital Group, Original Film, Columbia TriStar Television",34.919,United States of America,en,0,35,0,2001,Cruel Intentions 2,2
,https://www.imdb.com/title/tt0391891/,Video,4.6,85.0,Drama,8674,5/25/04,Scott Ziehl,"Original Film, Columbia TriStar Home Entertainment, Newmarket Films",20.37,United States of America,en,0,35,0,2004,Cruel Intentions 3,3
,https://www.imdb.com/title/tt0120890/,Movie,6.6,108.0,"Crime, Drama, Mystery, Thriller",129860,3/20/1998,John McNaughton,"Mandalay Entertainment, Columbia Pictures",30.825,United States of America,en,67200000,36,20000000,1998,Wild Things,1
,https://www.imdb.com/title/tt0365270/,Video,4.5,95.0,"Crime, Drama, Mystery, Thriller",7732,2/23/04,Jack Perez,"TriStar Pictures, Destination Films, Mandalay Pictures, Magic Hour Pictures",22.714,United States of America,en,0,36,2800000,2004,Wild Things 2,2
,https://www.imdb.com/title/tt0448179/,Video,4.5,87.0,"Crime, Drama, Mystery, Thriller",5274,2/19/05,Jay Lowi,"Mainline Releasing, Lightning Entertainment, Mandalay Pictures",15.301,United States of America,en,0,36,0,2005,Wild Things: Diamonds in the Rough,3
,https://www.imdb.com/title/tt1523372/,Video,4.4,92.0,"Crime, Drama, Mystery, Thriller",3363,6/1/10,Andy Hurst,"Stage 6 Films, RCR Media Group, Mandalay Pictures, SG Productions",18.898,United States of America,en,0,36,0,2010,Wild Things: Foursome,4
,https://www.imdb.com/title/tt0146336/,Movie,5.6,99.0,"Horror, Mystery, Thriller",71242,9/25/1998,Jamie Blanks,"TriStar Pictures, Original Film, Phoenix Pictures, Canal+ Droits Audiovisuels",22.417,"Canada, France, United States of America",en,72527595,37,14000000,1998,Urban Legend,1
,https://www.imdb.com/title/tt0192731/,Movie,4.4,97.0,"Horror, Mystery",18901,9/22/00,John Ottman,"Original Film, Phoenix Pictures, Canal+ Droits Audiovisuels, Columbia Pictures",30.113,"Canada, United States of America",en,38574362,37,14000000,2000,Urban Legends: Final Cut,2
,https://www.imdb.com/title/tt0451957/,Video,4.1,93.0,"Horror, Thriller",9492,7/19/05,Mary Lambert,"Columbia Pictures Television, NPP Productions Inc.",21.452,United States of America,en,0,37,3500000,2005,Urban Legends: Bloody Mary,3
,https://www.imdb.com/title/tt0330793/,Movie,6.4,124.0,"Action, Crime, Drama, Thriller",170064,4/16/04,Jonathan Hensleigh,"Lions Gate Films, VIP Medienfonds 3, Valhalla Motion Pictures, Marvel Enterprises, VIP 2 Medienfonds",58.663,"Germany, United States of America",en,54700105,38,33000000,2004,The Punisher,1
,https://www.imdb.com/title/tt0450314/,Movie,5.9,103.0,"Action, Crime, Drama, Thriller",66987,12/5/08,Lexi Alexander,"Lionsgate, MHF Zweite Academy Film, Marvel Knights, Valhalla Motion Pictures, SGF Entertainment, Muse Entertainment, Marvel Studios",26.902,"Canada, Germany, United States of America",en,10089373,38,20500000,2008,Punisher: War Zone,2
,https://www.imdb.com/title/tt0096895/,Movie,7.5,126.0,"Action, Adventure",402337,6/23/1989,Tim Burton,"Warner Bros. Pictures, Polygram Pictures, Guber/Peters Company",60.123,United States of America,en,411348924,39,35000000,1989,Batman,1
,https://www.imdb.com/title/tt0103776/,Movie,7.1,126.0,"Action, Crime, Fantasy",325920,6/19/1992,Tim Burton,"Warner Bros. Pictures, Polygram Pictures",54.976,United States of America,en,280000000,39,80000000,1992,Batman Returns,2
,https://www.imdb.com/title/tt0112462/,Movie,5.4,121.0,"Action, Adventure",265658,6/16/1995,Joel Schumacher,"Warner Bros. Pictures, Tim Burton Productions, Polygram Pictures",60.17,United States of America,en,336529144,39,100000000,1995,Batman Forever,3
,https://www.imdb.com/title/tt0118688/,Movie,3.8,125.0,"Action, Sci-Fi",267202,6/20/1997,Joel Schumacher,"Warner Bros. Pictures, Polygram Pictures",41.259,United States of America,en,238207122,39,125000000,1997,Batman & Robin,4
,https://www.imdb.com/title/tt0372784/,Movie,8.2,140.0,"Action, Crime, Drama",1569932,6/15/05,Christopher Nolan,"Warner Bros. Pictures, DC Comics, Syncopy, Legendary Pictures, Patalex III Productions Limited",74.826,"United Kingdom, United States of America",en,374218673,39,150000000,2005,Batman Begins,5
,https://www.imdb.com/title/tt0468569/,Movie,9.0,152.0,"Action, Crime, Drama, Thriller",2853316,7/18/08,Christopher Nolan,"DC Comics, Legendary Pictures, Syncopy, Isobel Griffiths, Warner Bros. Pictures",94.235,"United Kingdom, United States of America",en,1004558444,39,185000000,2008,The Dark Knight,6
,https://www.imdb.com/title/tt1345836/,Movie,8.4,164.0,"Action, Drama, Thriller",1817264,7/20/12,Christopher Nolan,"Syncopy, Legendary Pictures, DC Entertainment, Warner Bros. Pictures",78.815,United States of America,en,1081041287,39,250000000,2012,The Dark Knight Rises,7
,https://www.imdb.com/title/tt0167190/,Movie,6.8,122.0,"Action, Adventure, Fantasy, Horror, Sci-Fi",348434,4/2/04,Guillermo del Toro,"Columbia Pictures, Revolution Studios, Dark Horse Entertainment, Lawrence Gordon Productions, Starlite Films, Partnership Films",63.192,"Czech Republic, United States of America",en,99318987,40,66000000,2004,Hellboy,1
,https://www.imdb.com/title/tt0411477/,Movie,7.0,120.0,"Action, Adventure, Fantasy, Horror, Sci-Fi",284986,7/11/08,Guillermo del Toro,"Universal Pictures, Dark Horse Entertainment, Internationale Filmproduktion Eagle, Mid Atlantic Films, Relativity Media, Lawrence Gordon Productions",53.139,"Germany, Hungary, United States of America",en,160388063,40,85000000,2008,Hellboy II: The Golden Army,2
,https://www.imdb.com/title/tt0120611/,Movie,7.1,120.0,"Action, Horror, Sci-Fi",297135,8/21/1998,Stephen Norrington,"New Line Cinema, Amen Ra Films, Imaginary Forces",70.346,United States of America,en,131183530,41,45000000,1998,Blade,1
,https://www.imdb.com/title/tt0187738/,Movie,6.7,117.0,"Action, Horror, Sci-Fi, Thriller",233344,3/22/02,Guillermo del Toro,"New Line Cinema, Amen Ra Films, Imaginary Forces",46.251,United States of America,en,155010032,41,54000000,2002,Blade II,2
,https://www.imdb.com/title/tt0359013/,Movie,5.8,113.0,"Action, Horror, Sci-Fi",187609,12/8/04,David S. Goyer,"Marvel Enterprises, New Line Cinema, Amen Ra Films, Imaginary Forces, Peter Frankfurt Productions",60.995,United States of America,en,128905366,41,65000000,2004,Blade: Trinity,3
,https://www.imdb.com/title/tt0348150/,Movie,6.1,154.0,"Action, Adventure, Sci-Fi",290869,6/30/06,Bryan Singer,"DC Comics, Legendary Pictures, Bad Hat Harry Productions, Warner Bros. Pictures, Peters Entertainment",57.945,United States of America,en,391081192,41,204000000,2006,Superman Returns,4
,https://www.imdb.com/title/tt0287978/,Movie,5.3,103.0,"Action, Crime",228497,2/14/03,Mark Steven Johnson,"Marvel Enterprises, New Regency Pictures, Epsilon Motion Pictures, Regency Enterprises, 20th Century Fox",50.204,United States of America,en,179179718,42,78000000,2003,Daredevil,1
,https://www.imdb.com/title/tt0357277/,Movie,4.7,97.0,"Action, Adventure, Crime, Fantasy",97622,1/14/05,Rob Bowman,"Regency Enterprises, Epsilon Motion Pictures, New Regency Pictures, Marvel Enterprises, Horseshoe Bay Productions, Elektra Productions, SAI Productions, 20th Century Fox",55.364,"Canada, United States of America",en,56681566,42,43000000,2005,Elektra,2
,https://www.imdb.com/title/tt0109506/,Movie,7.5,102.0,"Action, Crime, Drama, Fantasy, Horror, Thriller",199566,5/13/1994,Alex Proyas,"Entertainment Media Investment Corporation, Jeff Most Productions, Pressman Film",64.255,"United States of America, United Kingdom",en,50694672,44,23000000,1994,The Crow,1
,https://www.imdb.com/title/tt0115986/,Movie,4.6,84.0,"Action, Crime, Fantasy, Horror, Thriller",21509,8/30/1996,Tim Pope,"Dimension Films, Miramax, Bad Bird Productions, Image Comics, Jeff Most Productions",27.803,United States of America,en,17917287,44,13000000,1996,The Crow: City of Angels,2
,https://www.imdb.com/title/tt0132910/,Movie,4.9,102.0,"Action, Crime, Fantasy, Horror, Mystery, Thriller",12254,6/28/00,Bharat Nalluri,"Dimension Films, Jeff Most Productions, Pacifica Film Distribution",26.114,"Germany, United States of America",en,0,44,10000000,2000,The Crow: Salvation,3
,https://www.imdb.com/title/tt0353324/,Movie,3.0,99.0,"Action, Adventure, Comedy, Fantasy, Horror, Thriller",9570,9/14/05,Lance Mungia,"Dimension Films, Pressman Film, Jeff Most Productions, Fubu Films, Image Comics",22.327,United States of America,en,0,44,0,2005,The Crow: Wicked Prayer,4
,https://www.imdb.com/title/tt0119654/,Movie,7.3,98.0,"Action, Adventure, Comedy, Sci-Fi",609550,7/2/1997,Barry Sonnenfeld,"Columbia Pictures, Amblin Entertainment, MacDonald/Parkes Productions",78.618,United States of America,en,589400000,45,90000000,1997,Men in Black,1
,https://www.imdb.com/title/tt0120912/,Movie,6.2,88.0,"Action, Adventure, Comedy, Mystery, Sci-Fi",401516,7/3/02,Barry Sonnenfeld,"Columbia Pictures, Amblin Entertainment, MacDonald/Parkes Productions",50.777,United States of America,en,445100000,45,140000000,2002,Men in Black II,2
,https://www.imdb.com/title/tt1409024/,Movie,6.8,106.0,"Action, Adventure, Comedy, Sci-Fi",385309,5/25/12,Barry Sonnenfeld,"Columbia Pictures, Hemisphere Media Capital, Amblin Entertainment, Parkes+MacDonald Image Nation, Imagenation Abu Dhabi FZ",76.982,"United Arab Emirates, United States of America",en,624000000,45,225000000,2012,Men in Black 3,3
,https://www.imdb.com/title/tt0120804/,Movie,6.6,100.0,"Action, Horror, Sci-Fi",287011,3/15/02,Paul W.S. Anderson,"Impact Pictures, Davis Films, New Legacy Film, Constantin Film, FFA, Filmboard Berlin-Brandenburg (FBB), FFF Bayern",24.415,"Canada, France, Germany, United Kingdom",en,103000000,46,33000000,2002,Resident Evil,1
,https://www.imdb.com/title/tt0318627/,Movie,6.1,94.0,"Action, Horror, Sci-Fi, Thriller",209201,9/10/04,Alexander Witt,"Davis Films/Impact Pictures, Screen Gems, Constantin Film",33.471,"Canada, United Kingdom, United States of America",en,129400000,46,45000000,2004,Resident Evil: Apocalypse,2
,https://www.imdb.com/title/tt0432021/,Movie,6.2,94.0,"Action, Horror, Sci-Fi",204764,9/21/07,Russell Mulcahy,"Screen Gems, Impact Pictures, Davis Films, Constantin Film",13.422,"Canada, France, Germany, United States of America",en,148400000,46,45000000,2007,Resident Evil: Extinction,3
,https://www.imdb.com/title/tt1220634/,Movie,5.8,96.0,"Action, Horror, Sci-Fi",178610,9/10/10,Paul W.S. Anderson,"Screen Gems, Constantin Film, Davis Films/Impact Pictures",2.303,"Canada, Germany, United States of America",en,300200000,46,60000000,2010,Resident Evil: Afterlife,4
,https://www.imdb.com/title/tt1855325/,Movie,5.3,95.0,"Action, Horror, Sci-Fi, Thriller",149541,9/14/12,Paul W.S. Anderson,"Davis Films/Impact Pictures, Constantin Film, Screen Gems",4.53,"Canada, Germany, United States of America",en,240200000,46,65000000,2012,Resident Evil: Retribution,5
,https://www.imdb.com/title/tt0116367/,Movie,7.2,108.0,"Action, Crime, Horror",338648,1/19/1996,Robert Rodriguez,"Los Hooligans Productions, A Band Apart, Dimension Films",63.927,United States of America,en,25800000,47,19000000,1996,From Dusk Till Dawn,1
,https://www.imdb.com/title/tt0120860/,Video,4.1,88.0,"Crime, Horror, Thriller",17334,3/16/1999,Scott Spiegel,"A Band Apart, Dimension Films, Los Hooligans Productions, Miramax",21.728,United States of America,en,6374,47,5000000,1999,From Dusk Till Dawn 2: Texas Blood Money,2
,https://www.imdb.com/title/tt0120695/,Video,4.8,94.0,"Horror, Thriller, Western",12547,1/18/00,P.J. Pesce,"Dimension Films, A Band Apart, Los Hooligans Productions, Miramax",17.287,United States of America,en,9617,47,5000000,2000,From Dusk Till Dawn 3: The Hangman's Daughter,3
,https://www.imdb.com/title/tt0227538/,Movie,5.6,88.0,"Action, Adventure, Comedy, Family, Sci-Fi",126749,4/4/01,Robert Rodriguez,"Troublemaker Studios, Dimension Films, Miramax",62.435,United States of America,en,147900000,49,35000000,2001,Spy Kids,1
,https://www.imdb.com/title/tt0287717/,Movie,5.3,100.0,"Action, Adventure, Comedy, Family, Sci-Fi",73395,8/7/02,Robert Rodriguez,"Dimension Films, Troublemaker Studios",39.044,United States of America,en,119700000,49,38000000,2002,Spy Kids 2: Island of Lost Dreams,2
,https://www.imdb.com/title/tt0338459/,Movie,4.4,84.0,"Action, Adventure, Comedy, Family, Sci-Fi",65912,7/25/03,Robert Rodriguez,"Dimension Films, Troublemaker Studios",37.886,United States of America,en,197000000,49,38000000,2003,Spy Kids 3: Game Over,3
,https://www.imdb.com/title/tt1517489/,Movie,3.5,89.0,"Action, Adventure, Comedy, Drama, Family, Fantasy, Music, Musical, Sci-Fi, Sport",28271,8/19/11,Robert Rodriguez,Dimension Films,29.589,United States of America,en,85600000,49,27000000,2011,Spy Kids 4: All the Time in the World,4
,https://www.imdb.com/title/tt0119345/,Movie,5.8,101.0,"Horror, Mystery",157541,10/17/1997,Jim Gillespie,"Summer Knowledge LLC, Mandalay Entertainment, Columbia Pictures",27.874,United States of America,en,125586134,50,17000000,1997,I Know What You Did Last Summer,1
,https://www.imdb.com/title/tt0130018/,Movie,4.7,100.0,"Horror, Mystery, Thriller",78441,11/13/1998,Danny Cannon,"Summer Knowledge LLC, Columbia Pictures, Mandalay Entertainment",28.961,United States of America,en,40002112,50,65000000,1998,I Still Know What You Did Last Summer,2
,https://www.imdb.com/title/tt0356634/,Movie,5.0,80.0,"Adventure, Comedy, Family, Fantasy",93382,6/11/04,Peter Hewitt,"Davis Entertainment, 20th Century Fox",94.487,"United States of America, Hong Kong",en,200800000,51,50000000,2004,Garfield: The Movie,1
,https://www.imdb.com/title/tt0455499/,Movie,5.0,82.0,"Adventure, Comedy, Family",46846,6/16/06,Tim Hill,"20th Century Fox, Davis Entertainment, Dune Entertainment, Major Studio Partners, Ingenious Media, Ingenious Film Partners",34.234,"United Kingdom, United States of America",en,141700000,51,60000000,2006,Garfield: A Tail of Two Kitties,2
,https://www.imdb.com/title/tt0371746/,Movie,7.9,126.0,"Action, Adventure, Sci-Fi",1119439,5/2/08,Jon Favreau,"Marvel Studios, Marvel Entertainment, Fairview Entertainment",109.441,United States of America,en,585174222,52,140000000,2008,Iron Man,1
,https://www.imdb.com/title/tt1228705/,Movie,6.9,124.0,"Action, Sci-Fi",864493,5/7/10,Jon Favreau,"Marvel Studios, Fairview Entertainment, Marvel Entertainment",137.361,United States of America,en,623933331,52,200000000,2010,Iron Man 2,2
,https://www.imdb.com/title/tt1300854/,Movie,7.1,130.0,"Action, Adventure, Sci-Fi",895562,5/3/13,Shane Black,Marvel Studios,71.198,United States of America,en,1215577205,52,200000000,2013,Iron Man 3,3
,https://www.imdb.com/title/tt0126029/,Movie,7.9,90.0,"Animation, Adventure, Comedy, Family, Fantasy, Romance",729761,5/18/01,"Andrew Adamson, Vicky Jenson","DreamWorks Pictures, Pacific Data Images, DreamWorks Animation",152.881,United States of America,en,487900000,53,60000000,2001,Shrek,1
,https://www.imdb.com/title/tt0298148/,Movie,7.3,93.0,"Animation, Adventure, Comedy, Family, Fantasy, Romance",501769,5/19/04,"Andrew Adamson, Kelly Asbury, Conrad Vernon","DreamWorks Animation, Pacific Data Images, DreamWorks Pictures",136.156,United States of America,en,928800000,53,150000000,2004,Shrek 2,2
,https://www.imdb.com/title/tt0413267/,Movie,6.1,93.0,"Animation, Adventure, Comedy, Family, Fantasy, Romance",330711,5/18/07,"Chris Miller, Raman Hui","DreamWorks Animation, Pacific Data Images, Paramount",103.201,United States of America,en,813400000,53,160000000,2007,Shrek the Third,3
,https://www.imdb.com/title/tt0892791/,Movie,6.3,93.0,"Animation, Adventure, Comedy, Family, Fantasy, Romance",223394,5/21/10,Mike Mitchell,"DreamWorks Animation, Paramount",104.615,United States of America,en,752600000,53,165000000,2010,Shrek Forever After,4
,https://www.imdb.com/title/tt0823671/,Video,6.7,78.0,"Animation, Adventure, Family, Fantasy",16253,10/28/08,Bradley Raymond,"DisneyToon Studios, Prana Animation Studios",75.159,"India, United States of America",en,0,54,48000000,2008,Tinker Bell,1
,https://www.imdb.com/title/tt1216516/,Video,6.6,81.0,"Animation, Adventure, Family, Fantasy",12245,10/27/09,Klay Hall,"DisneyToon Studios, Prana Animation Studios",59.138,"India, United States of America",en,0,54,0,2009,Tinker Bell and the Lost Treasure,2
,https://www.imdb.com/title/tt1216515/,Video,6.8,76.0,"Animation, Adventure, Family, Fantasy",9913,9/21/10,Bradley Raymond,"DisneyToon Studios, Prana Animation Studios",52.486,"India, United States of America",en,0,54,0,2010,Tinker Bell and the Great Fairy Rescue,3
,https://www.imdb.com/title/tt1450334/,TV Short,7.0,21.0,"Animation, Short, Family",1902,11/19/11,Bradley Raymond,"DisneyToon Studios, Prana Animation Studios",37.586,"India, United States of America",en,0,54,0,2011,Pixie Hollow Games,4
,https://www.imdb.com/title/tt1217213/,Movie,7.0,75.0,"Animation, Family, Fantasy",14019,8/16/12,"Bobs Gannaway, Peggy Holmes","DisneyToon Studios, Prana Animation Studios",73.432,"India, United States of America",en,0,54,0,2012,Secret of the Wings,5
,https://www.imdb.com/title/tt0116607/,TV Movie,6.9,97.0,"Drama, Thriller",4997,10/13/1996,"Cher, Nancy Savoca","HBO Films, Moving Pictures",15.204,United States of America,en,0,55,0,1996,If These Walls Could Talk,1
,https://www.imdb.com/title/tt0206036/,TV Movie,6.9,96.0,"Drama, Romance",7581,3/5/00,"Jane Anderson, Martha Coolidge, Anne Heche","Team Todd, HBO Films",17.072,United States of America,en,0,55,0,2000,If These Walls Could Talk 2,2
,https://www.imdb.com/title/tt0107290/,Movie,8.2,127.0,"Action, Adventure, Sci-Fi, Thriller",1060791,6/11/1993,Steven Spielberg,"Universal Pictures, Amblin Entertainment",32.579,United States of America,en,920100000,56,63000000,1993,Jurassic Park,1
,https://www.imdb.com/title/tt0119567/,Movie,6.5,129.0,"Action, Adventure, Sci-Fi",442121,5/23/1997,Steven Spielberg,"Universal Pictures, Amblin Entertainment",3.198,United States of America,en,618638999,56,73000000,1997,The Lost World: Jurassic Park,2
,https://www.imdb.com/title/tt0163025/,Movie,5.9,92.0,"Action, Adventure, Sci-Fi, Thriller",339662,7/18/01,Joe Johnston,"Universal Pictures, Amblin Entertainment",2.566,United States of America,en,368780809,56,93000000,2001,Jurassic Park III,3
,https://www.imdb.com/title/tt0369610/,Movie,6.9,124.0,"Action, Adventure, Sci-Fi",676692,6/12/15,Colin Trevorrow,"Amblin Entertainment, Universal Pictures",115.343,United States of America,en,1671537444,56,150000000,2015,Jurassic World,4
,https://www.imdb.com/title/tt0120915/,Movie,6.5,136.0,"Action, Adventure, Fantasy, Sci-Fi",852289,5/19/1999,George Lucas,Lucasfilm Ltd.,43.022,United States of America,en,924317558,57,115000000,1999,Star Wars: Episode I - The Phantom Menace,1
,https://www.imdb.com/title/tt0121765/,Movie,6.6,142.0,"Action, Adventure, Fantasy, Sci-Fi",755189,5/16/02,George Lucas,Lucasfilm Ltd.,41.064,United States of America,en,649398328,57,120000000,2002,Star Wars: Episode II - Attack of the Clones,2
,https://www.imdb.com/title/tt0121766/,Movie,7.6,140.0,"Action, Adventure, Fantasy, Sci-Fi",841100,5/19/05,George Lucas,Lucasfilm Ltd.,70.169,United States of America,en,850000000,57,113000000,2005,Star Wars: Episode III - Revenge of the Sith,3
,https://www.imdb.com/title/tt0076759/,Movie,8.6,121.0,"Action, Adventure, Fantasy, Sci-Fi",1442830,5/25/1977,George Lucas,"Lucasfilm Ltd., 20th Century Fox",122.932,United States of America,en,775398007,57,11000000,1977,Star Wars: Episode IV - A New Hope,4
,https://www.imdb.com/title/tt0080684/,Movie,8.7,124.0,"Action, Adventure, Fantasy, Sci-Fi",1372590,6/18/1980,Irvin Kershner,Lucasfilm Ltd.,42.916,United States of America,en,538400000,57,18000000,1980,Star Wars: Episode V - The Empire Strikes Back,5
,https://www.imdb.com/title/tt0086190/,Movie,8.3,131.0,"Action, Adventure, Fantasy, Sci-Fi",1115949,5/25/1983,Richard Marquand,Lucasfilm Ltd.,62.221,United States of America,en,572700000,57,32350000,1983,Star Wars: Episode VI - Return of the Jedi,6
,https://www.imdb.com/title/tt0145660/,Movie,6.6,95.0,"Action, Adventure, Comedy, Crime",247903,6/11/1999,Jay Roach,"New Line Cinema, Eric's Boy",53.671,United States of America,en,312016928,439,33000000,1999,Austin Powers: The Spy Who Shagged Me,1
,https://www.imdb.com/title/tt0118655/,Movie,7.0,89.0,"Adventure, Comedy",256079,5/2/1997,Jay Roach,"New Line Cinema, Capella International, Eric's Boy, KC Medien",38.597,"Germany, United States of America",en,67711748,439,16500000,1997,Austin Powers: International Man of Mystery,2
,https://www.imdb.com/title/tt0295178/,Movie,6.2,94.0,"Action, Adventure, Comedy, Crime",222084,7/26/02,Jay Roach,"Eric's Boy, New Line Cinema, Team Todd, Gratitude International, Moving Pictures",51.306,United States of America,en,296938801,439,63000000,2002,Austin Powers in Goldmember,3
,https://www.imdb.com/title/tt1099212/,Movie,5.3,122.0,"Drama, Fantasy, Romance",485683,11/21/08,Catherine Hardwicke,"Summit Entertainment, Temple Hill Entertainment, Maverick Films, Imprint Entertainment, Goldcrest, Twilight Productions",112.26,United States of America,en,393616788,58,37000000,2008,Twilight,1
,https://www.imdb.com/title/tt1259571/,Movie,4.8,130.0,"Adventure, Drama, Fantasy, Romance",298987,11/20/09,Chris Weitz,"Summit Entertainment, Temple Hill Entertainment, Maverick Films, Imprint Entertainment, Sunswept Entertainment",68.056,United States of America,en,709827462,58,50000000,2009,The Twilight Saga: New Moon,2
,https://www.imdb.com/title/tt1325004/,Movie,5.1,124.0,"Action, Adventure, Drama, Fantasy, Mystery, Romance, Thriller",259768,6/30/10,David Slade,"Summit Entertainment, Temple Hill Entertainment, Imprint Entertainment, Maverick Films, Sunswept Entertainment",88.967,United States of America,en,698491347,58,68000000,2010,The Twilight Saga: Eclipse,3
,https://www.imdb.com/title/tt1324999/,Movie,4.9,117.0,"Adventure, Drama, Fantasy, Romance, Thriller",253394,11/18/11,Bill Condon,"Summit Entertainment, Sunswept Entertainment, TSBD Canada Productions, TSBD Louisiana, TSBD Productions, Temple Hill Entertainment, Total Entertainment",97.433,United States of America,en,712171856,58,110000000,2011,The Twilight Saga: Breaking Dawn - Part 1,4
,https://www.imdb.com/title/tt1673434/,Movie,5.5,115.0,"Adventure, Drama, Fantasy, Romance",261898,11/16/12,Bill Condon,"Summit Entertainment, Temple Hill Entertainment, Sunswept Entertainment, Lionsgate",88.158,United States of America,en,829747654,58,120000000,2012,The Twilight Saga: Breaking Dawn - Part 2,5
,https://www.imdb.com/title/tt0425430/,Movie,5.3,90.0,"Drama, Horror, Mystery",41113,2/2/07,"Danny Pang, Oxide Chun Pang","Screen Gems, Ghost House Pictures, Columbia Pictures, Blue Star Pictures, Scarecrow Productions, Mandate Pictures",26.099,United States of America,en,55060212,59,16000000,2007,The Messengers,1
,https://www.imdb.com/title/tt1299653/,Video,4.7,94.0,Horror,5167,7/21/09,Martin Barnewitz,Ghost House Pictures,14.779,United States of America,en,0,59,0,2009,Messengers 2: The Scarecrow,2
,https://www.imdb.com/title/tt0266697/,Movie,8.2,111.0,"Action, Crime, Thriller",1185527,10/10/03,Quentin Tarantino,"Miramax, A Band Apart, Super Cool ManChu",58.482,United States of America,en,180906076,61,30000000,2003,Kill Bill: Vol. 1,1
,https://www.imdb.com/title/tt0378194/,Movie,8.0,137.0,"Action, Crime, Thriller",800511,4/16/04,Quentin Tarantino,"Super Cool ManChu, Miramax, A Band Apart",67.491,United States of America,en,152159461,61,30000000,2004,Kill Bill: Vol. 2,2
,https://www.imdb.com/title/tt0120746/,Movie,6.8,136.0,"Action, Adventure, Comedy, Romance, Thriller, Western",196949,7/17/1998,Martin Campbell,"TriStar Pictures, Amblin Entertainment, Zorro Productions, David Foster Productions, Sony Pictures Studios",55.186,"United States of America, Germany, Mexico",en,250300000,62,95000000,1998,The Mask of Zorro,1
,https://www.imdb.com/title/tt0386140/,Movie,5.9,129.0,"Action, Adventure, Romance, Thriller, Western",107323,10/28/05,Martin Campbell,"Columbia Pictures, Spyglass Entertainment, Amblin Entertainment",40.732,United States of America,en,142400000,62,75000000,2005,The Legend of Zorro,2
,https://www.imdb.com/title/tt0087332/,Movie,7.8,105.0,"Action, Comedy, Fantasy, Sci-Fi",443259,6/8/1984,Ivan Reitman,"Columbia Pictures, Delphi Films, Black Rhino Productions",130.894,United States of America,en,296187079,63,30000000,1984,Ghostbusters,1
,https://www.imdb.com/title/tt0097428/,Movie,6.6,108.0,"Action, Comedy, Fantasy, Sci-Fi",221725,6/16/1989,Ivan Reitman,Columbia Pictures,97.986,United States of America,en,215394738,63,37000000,1989,Ghostbusters II,2
,https://www.imdb.com/title/tt0111070/,Movie,6.6,97.0,"Comedy, Drama, Family, Fantasy",133105,11/11/1994,John Pasquin,"Walt Disney Pictures, Hollywood Pictures, Outlaw Productions",27.407,United States of America,en,189833357,64,22000000,1994,The Santa Clause,1
,https://www.imdb.com/title/tt0304669/,Movie,5.7,104.0,"Comedy, Family, Fantasy",63789,11/1/02,Michael Lembeck,"Walt Disney Pictures, Outlaw Productions, Boxing Cat Films",22.041,"United States of America, Canada",en,172842355,64,65000000,2002,The Santa Clause 2,2
,https://www.imdb.com/title/tt0452681/,Movie,4.8,92.0,"Adventure, Comedy, Family, Fantasy",42559,11/3/06,Michael Lembeck,"Walt Disney Pictures, Boxing Cat Films, Outlaw Productions, Santa Frost Productions",39.835,United States of America,en,84500122,64,12000000,2006,The Santa Clause 3: The Escape Clause,3
,https://www.imdb.com/title/tt0118998/,Movie,5.4,85.0,"Comedy, Family, Fantasy",101807,6/26/1998,Betty Thomas,"20th Century Fox, Davis Entertainment, Joseph M. Singer Entertainment",40.025,United States of America,en,294500000,65,71000000,1998,Doctor Dolittle,1
,https://www.imdb.com/title/tt0240462/,Movie,4.7,87.0,"Comedy, Family, Fantasy",47243,6/22/01,Steve Carr,"Joseph M. Singer Entertainment, Davis Entertainment, 20th Century Fox",31.898,United States of America,en,176100000,65,70000000,2001,Dr. Dolittle 2,2
,https://www.imdb.com/title/tt0481513/,Video,4.0,93.0,"Comedy, Family, Fantasy",7481,4/25/06,Rich Thorne,"Davis Entertainment, D3C Productions Ltd.",23.035,"Canada, United States of America",en,0,65,0,2006,Dr. Dolittle 3,3
,https://www.imdb.com/title/tt1024724/,Video,3.9,85.0,"Comedy, Family",2890,3/4/08,Craig Shapiro,"Davis Entertainment, DD4C Productions",13.594,"Canada, United States of America",en,0,65,6000000,2008,Dr. Dolittle: Tail to the Chief,4
,https://www.imdb.com/title/tt1080926/,Video,3.8,90.0,"Comedy, Family",2029,5/19/09,Alex Zamm,20th Century Fox Home Entertainment,19.564,United States of America,en,0,65,6000000,2009,Dr. Dolittle: Million Dollar Mutts,5
,https://www.imdb.com/title/tt0117218/,Movie,5.7,95.0,"Comedy, Romance, Sci-Fi",123280,6/28/1996,Tom Shadyac,"Universal Pictures, Imagine Entertainment",35.962,United States of America,en,128769345,66,54000000,1996,The Nutty Professor,1
,https://www.imdb.com/title/tt0144528/,Movie,4.5,106.0,"Comedy, Romance, Sci-Fi",53134,7/28/00,Peter Segal,"Universal Pictures, Imagine Entertainment",34.981,United States of America,en,123307945,66,84000000,2000,Nutty Professor II: The Klumps,2
,https://www.imdb.com/title/tt0086960/,Movie,7.4,105.0,"Action, Comedy, Crime, Thriller",200868,12/5/1984,Martin Brest,"Paramount, Eddie Murphy Productions, Don Simpson/Jerry Bruckheimer Films",39.611,United States of America,en,316360478,67,14000000,1984,Beverly Hills Cop,1
,https://www.imdb.com/title/tt0092644/,Movie,6.5,100.0,"Action, Comedy, Crime, Thriller",129218,5/20/1987,Tony Scott,"Eddie Murphy Productions, Paramount, Don Simpson/Jerry Bruckheimer Films",41.675,United States of America,en,299965036,67,28000000,1987,Beverly Hills Cop II,2
,https://www.imdb.com/title/tt0109254/,Movie,5.5,104.0,"Action, Comedy, Crime, Thriller",86810,5/25/1994,John Landis,Eddie Murphy Productions,37.883,United States of America,en,119208989,67,50000000,1994,Beverly Hills Cop III,3
,https://www.imdb.com/title/tt0083511/,Movie,6.9,96.0,"Action, Comedy, Crime, Drama, Thriller",84785,12/8/1982,Walter Hill,Paramount,31.182,United States of America,en,78868508,68,12000000,1982,48 Hrs.,1
,https://www.imdb.com/title/tt0099044/,Movie,5.9,95.0,"Action, Comedy, Crime, Drama, Mystery, Thriller",44329,6/8/1990,Walter Hill,"Paramount, Eddie Murphy Productions",37.738,United States of America,en,153518974,68,38000000,1990,Another 48 Hrs.,2
,https://www.imdb.com/title/tt0101862/,Movie,6.5,105.0,"Comedy, Family, Romance",83756,12/20/1991,Charles Shyer,"Touchstone Pictures, Sandollar Productions, Touchwood Pacific Partners 1",24.324,United States of America,en,89325780,69,20000000,1991,Father of the Bride,1
,https://www.imdb.com/title/tt0113041/,Movie,6.1,106.0,"Comedy, Family, Romance",41471,12/8/1995,Charles Shyer,"Touchstone Pictures, Sandollar Productions",23.359,United States of America,en,76594107,69,0,1995,Father of the Bride Part II,2
,https://www.imdb.com/title/tt0111257/,Movie,7.3,116.0,"Action, Adventure, Thriller",389867,6/10/1994,Jan de Bont,"20th Century Fox, The Mark Gordon Company",57.694,United States of America,en,350448145,70,30000000,1994,Speed,1
,https://www.imdb.com/title/tt0120179/,Movie,3.9,121.0,"Action, Adventure, Crime, Romance, Thriller",85715,6/13/1997,Jan de Bont,"Blue Tulip Productions, 20th Century Fox",32.671,United States of America,en,164508066,70,160000000,1997,Speed 2: Cruise Control,2
,https://www.imdb.com/title/tt0175142/,Movie,6.3,88.0,Comedy,284993,7/7/00,Keenen Ivory Wayans,"Brad Grey Pictures, Gold/Miller Productions, Wayans Bros. Entertainment, Dimension Films",52.492,United States of America,en,278000000,71,19000000,2000,Scary Movie,1
,https://www.imdb.com/title/tt0257106/,Movie,5.3,83.0,"Comedy, Horror",174280,7/4/01,Keenen Ivory Wayans,"Brad Grey Pictures, Gold/Miller Productions, Wayans Bros. Entertainment, Dimension Films",53.983,"Canada, United States of America",en,141200000,71,45000000,2001,Scary Movie 2,2
,https://www.imdb.com/title/tt0306047/,Movie,5.5,84.0,Comedy,157635,10/24/03,David Zucker,"Brad Grey Pictures, Dimension Films",54.698,United States of America,en,220700000,71,48000000,2003,Scary Movie 3,3
,https://www.imdb.com/title/tt0362120/,Movie,5.1,83.0,Comedy,128695,4/14/06,David Zucker,"Dimension Films, 415 Project, Brad Grey Pictures, Miramax",39.966,United States of America,en,178300000,71,45000000,2006,Scary Movie 4,4
,https://www.imdb.com/title/tt0795461/,Movie,3.5,86.0,"Comedy, Horror",76856,4/12/13,"Malcolm D. Lee, David Zucker","Dimension Films, Brad Grey Pictures",65.326,United States of America,en,78400000,71,20000000,2013,Scary Movie V,5
,https://www.imdb.com/title/tt0298130/,Movie,7.1,115.0,"Horror, Mystery",373211,10/18/02,Gore Verbinski,"DreamWorks Pictures, BenderSpink, Parkes/MacDonald Productions",40.698,United States of America,en,249348933,72,48000000,2002,The Ring,1
,https://www.imdb.com/title/tt0377109/,Movie,5.4,110.0,"Horror, Mystery",100589,3/18/05,Hideo Nakata,"DreamWorks Pictures, BenderSpink, Parkes+MacDonald Image Nation",44.357,United States of America,en,161451538,72,50000000,2005,The Ring Two,2
,https://www.imdb.com/title/tt0092076/,Movie,5.6,101.0,"Comedy, Horror",37677,8/22/1986,Tobe Hooper,"The Cannon Group, Golan-Globus Productions",34.315,United States of America,en,8000000,73,4500000,1986,The Texas Chainsaw Massacre 2,1
,https://www.imdb.com/title/tt0099994/,Movie,5.0,85.0,"Horror, Thriller",19221,1/12/1990,Jeff Burr,Nicolas Entertainment,28.838,United States of America,en,55800000,73,2000000,1990,Leatherface: Texas Chainsaw Massacre III,2
,https://www.imdb.com/title/tt0110978/,Movie,3.3,87.0,"Comedy, Horror, Thriller",25892,9/22/1995,Kim Henkel,"Ultra Muchos Productions, Genre Pictures, Return Productions, River City Films",29.45,United States of America,en,186000,73,600000,1995,Texas Chainsaw Massacre: The Next Generation,3
,https://www.imdb.com/title/tt0324216/,Movie,6.2,98.0,Horror,151838,10/17/03,Marcus Nispel,"Next Entertainment, Platinum Dunes, Radar Pictures, New Line Cinema",47.83,United States of America,en,107400000,73,9500000,2003,The Texas Chainsaw Massacre,4
,https://www.imdb.com/title/tt0420294/,Movie,5.8,91.0,Horror,77066,10/6/06,Jonathan Liebesman,"Texas Chainsaw Productions, New Line Cinema, Next Entertainment, Platinum Dunes, Vortex/Henkel/Hooper",44.176,United States of America,en,107400000,73,16000000,2006,The Texas Chainsaw Massacre: The Beginning,5
,https://www.imdb.com/title/tt0212338/,Movie,7.0,108.0,"Comedy, Romance",353851,10/6/00,Jay Roach,"Universal Pictures, DreamWorks Pictures, Nancy Tenenbaum Films, Tribeca Productions",47.226,United States of America,en,330444045,75,55000000,2000,Meet the Parents,1
,https://www.imdb.com/title/tt0290002/,Movie,6.3,115.0,"Comedy, Romance",285612,12/22/04,Jay Roach,"Universal Pictures, DreamWorks Pictures, Tribeca Productions, Everyman Pictures",32.228,United States of America,en,516642939,75,80000000,2004,Meet the Fockers,2
,https://www.imdb.com/title/tt0970866/,Movie,5.5,98.0,"Comedy, Romance",118701,12/22/10,Paul Weitz,"Universal Pictures, Paramount, DreamWorks Pictures, Relativity Media, Tribeca Productions, Everyman Pictures",27.464,United States of America,en,310650585,75,100000000,2010,Little Fockers,3
,https://www.imdb.com/title/tt0184894/,Movie,6.6,110.0,"Action, Adventure, Comedy, Western",134791,5/26/00,Tom Dey,"Roger Birnbaum Productions, Spyglass Entertainment, Touchstone Pictures",36.954,"Hong Kong, United States of America",en,99300000,76,55000000,2000,Shanghai Noon,1
,https://www.imdb.com/title/tt0300471/,Movie,6.2,114.0,"Action, Adventure, Comedy",112193,2/7/03,David Dobkin,"All Knight Productions, Spyglass Entertainment, Touchstone Pictures, Birnbaum/Barber Productions, JCE Movies",38.113,"Hong Kong, United States of America",en,88300000,76,50000000,2003,Shanghai Knights,2
,https://www.imdb.com/title/tt0118615/,Movie,4.9,89.0,"Action, Adventure, Horror, Thriller",111465,4/11/1997,Luis Llosa,"St. Tropez Films, Cinema Line Film Corporation, Middle Fork Productions, Skylight Cinema Foto Art, Columbia Pictures, Skylight Cinema Foto Art (US)",44.389,"Brazil, Peru, United States of America",en,136900000,77,45000000,1997,Anaconda,1
,https://www.imdb.com/title/tt0366174/,Movie,4.7,97.0,"Action, Adventure, Horror, Thriller",33726,8/27/04,Dwight H. Little,"Middle Fork Productions, Screen Gems",57.908,United States of America,en,71000000,77,20000000,2004,Anacondas: The Hunt for the Blood Orchid,2
,https://www.imdb.com/title/tt1137996/,TV Movie,2.8,91.0,"Action, Adventure, Horror, Sci-Fi, Thriller",8588,7/26/08,Don E. FauntLeRoy,"Castel Film, Hollywood Media Bridge, Syfy, Castel Film (US)",37.957,"United States of America, Romania",en,0,77,0,2008,Anaconda 3: Offspring,3
,https://www.imdb.com/title/tt1150934/,TV Movie,2.9,89.0,"Action, Adventure, Horror, Sci-Fi, Thriller",5710,2/28/09,Don E. FauntLeRoy,"Stage 6 Films, Hollywood Media Bridge, Castel Film, Syfy, Castel Film (US)",31.497,"United States of America, Romania",en,0,77,0,2009,Anacondas: Trail of Blood,4
,https://www.imdb.com/title/tt0159273/,Movie,6.4,106.0,"Action, Drama, Thriller, War",112504,11/30/01,John Moore,"Davis Entertainment, 20th Century Fox",44.822,United States of America,en,91753202,78,40000000,2001,Behind Enemy Lines,1
,https://www.imdb.com/title/tt0497329/,Video,4.5,96.0,"Action, Thriller",5771,10/17/06,James Dodson,20th Century Fox,18.917,United States of America,en,0,78,0,2006,Behind Enemy Lines II: Axis of Evil,2
,https://www.imdb.com/title/tt1208647/,Video,4.8,94.0,"Action, Thriller",4631,1/6/09,Tim Matheson,"WWE Studios, 20th Century Fox Home Entertainment",18.406,United States of America,en,0,78,0,2009,Behind Enemy Lines: Colombia,3
,https://www.imdb.com/title/tt0419946/,Movie,4.7,92.0,"Action, Comedy, Drama, Thriller",35700,10/13/06,John Bonito,"Pacific Film and Television Commission, WWE Studios, 20th Century Fox",40.65,"Australia, United States of America",en,22165608,79,20000000,2006,The Marine,1
,https://www.imdb.com/title/tt1266027/,Video,4.9,95.0,"Action, Drama, Thriller",6166,12/29/09,Roel Reiné,Marine 2 Productions,29.022,United States of America,en,0,79,0,2009,The Marine 2,2
,https://www.imdb.com/title/tt0351977/,Movie,6.3,86.0,"Action, Crime",109724,4/2/04,Kevin Bray,"Mandeville Films, Burke/Samples/Foster Productions, WWE Studios, Cub Eight Productions, Metro-Goldwyn-Mayer, Hyde Park Films",40.68,United States of America,en,57223888,79,46000000,2004,Walking Tall,4
,https://www.imdb.com/title/tt0804550/,Video,4.7,88.0,"Action, Adventure, Crime, Drama, Thriller",2143,2/20/07,Tripp Reed,"Metro-Goldwyn-Mayer, Sony Pictures Home Entertainment",10.985,United States of America,en,0,79,0,2007,Walking Tall: The Payback,5
,https://www.imdb.com/title/tt0804551/,Video,4.8,95.0,"Action, Crime, Drama, Thriller",1673,9/25/07,Tripp Reed,"Andrew Stevens Entertainment, Sony Pictures Home Entertainment",8.367,United States of America,en,0,79,0,2007,Walking Tall: Lone Justice,6
,https://www.imdb.com/title/tt0070895/,Movie,6.9,125.0,"Action, Biography, Crime, Drama, Thriller",6703,2/22/1973,Phil Karlson,Bing Crosby Productions,16.713,United States of America,en,0,82,500000,1973,Walking Tall,1
,https://www.imdb.com/title/tt0073880/,Movie,6.0,109.0,"Action, Biography, Crime, Drama, Thriller",1511,9/28/1975,Earl Bellamy,"Bing Crosby Productions, Fuqua Industries, Wometco Enterprises",5.787,United States of America,en,0,82,0,1975,Walking Tall Part II,2
,https://www.imdb.com/title/tt0076028/,Movie,5.7,112.0,"Action, Crime, Drama",1141,6/17/1977,Jack Starrett,"Bing Crosby Productions, American International Pictures",5.331,United States of America,en,0,82,0,1977,Final Chapter: Walking Tall,3
,https://www.imdb.com/title/tt0452702/,Movie,6.2,85.0,"Horror, Thriller",106978,4/20/07,Nimród Antal,"Screen Gems, Hal Lieberman Company",27.833,United States of America,en,35300645,84,19000000,2007,Vacancy,1
,https://www.imdb.com/title/tt1204979/,Movie,4.9,86.0,"Horror, Thriller",8458,1/20/09,Eric Bross,,18.538,United States of America,en,0,84,3000000,2009,Vacancy 2: The First Cut,2
,https://www.imdb.com/title/tt0450278/,Movie,5.9,94.0,Horror,190253,1/6/06,Eli Roth,"International Production Company, Raw Nerve, Next Entertainment, Hostel LLC",49.849,"United States of America, Czech Republic",en,81979826,85,4800000,2006,Hostel,1
,https://www.imdb.com/title/tt0498353/,Movie,5.5,94.0,Horror,95610,6/8/07,Eli Roth,"Next Entertainment, Screen Gems, Lionsgate, Raw Nerve, International Production Company",38.313,"United States of America, Czech Republic",en,35728183,85,10200000,2007,Hostel: Part II,2
,https://www.imdb.com/title/tt1255916/,Video,4.6,88.0,Horror,35313,12/27/11,Scott Spiegel,"Raw Nerve, RCR Media Group, Stage 6 Films, Next Entertainment",41.5,United States of America,en,0,85,6000000,2011,Hostel: Part III,3
,https://www.imdb.com/title/tt0160127/,Movie,5.6,98.0,"Action, Adventure, Comedy, Crime, Thriller",195611,11/3/00,McG,"Columbia Pictures, Tall Trees Productions, Flower Films, Leonard Goldberg Productions",43.086,United States of America,en,264100000,86,92000000,2000,Charlie's Angels,1
,https://www.imdb.com/title/tt0305357/,Movie,4.9,106.0,"Action, Adventure, Comedy, Crime",132661,6/27/03,McG,"Wonderland Sound and Vision, Tall Trees Productions, Flower Films, Columbia Pictures",50.599,"United States of America, Brazil",en,259200000,86,120000000,2003,Charlie's Angels: Full Throttle,2
,https://www.imdb.com/title/tt0112442/,Movie,6.8,119.0,"Action, Comedy, Crime, Thriller",284582,4/7/1995,Michael Bay,"Columbia Pictures, Don Simpson/Jerry Bruckheimer Films",59.615,"United States of America, Singapore, Mexico",en,141400000,87,19000000,1995,Bad Boys,1
,https://www.imdb.com/title/tt0172156/,Movie,6.6,147.0,"Action, Comedy, Crime, Thriller",265812,7/18/03,Michael Bay,"Columbia Pictures, Don Simpson/Jerry Bruckheimer Films, Jerry Bruckheimer Films, Columbia Pictures Corporation",62.804,United States of America,en,273300000,87,130000000,2003,Bad Boys II,2
,https://www.imdb.com/title/tt1502397/,Movie,6.5,124.0,"Action, Comedy, Crime, Thriller",173964,1/17/20,"Adil El Arbi, Bilall Fallah","Columbia Pictures, 2.0 Entertainment, Don Simpson/Jerry Bruckheimer Films, Overbrook Entertainment",69.642,United States of America,en,426500000,87,90000000,2020,Bad Boys for Life,3
,https://www.imdb.com/title/tt0208003/,Movie,5.2,99.0,"Action, Comedy, Crime",90489,6/2/00,Raja Gosnell,"Regency Enterprises, 20th Century Fox",30.339,"Germany, United States of America",en,174000000,88,30000000,2000,Big Momma's House,1
,https://www.imdb.com/title/tt0421729/,Movie,4.8,99.0,"Comedy, Crime",46292,1/27/06,John Whitesell,"Big Lou House Productions, Deep River Productions, Firm Films, Runteldat Entertainment, New Regency Pictures, Epsilon Motion Pictures, Ed Friendly Productions",37.63,"Switzerland, United States of America",en,138300000,88,40000000,2006,Big Momma's House 2,2
,https://www.imdb.com/title/tt1464174/,Movie,4.4,107.0,"Action, Comedy, Crime",29356,2/18/11,John Whitesell,"Regency Enterprises, New Regency Pictures, Friendly Films (II), Runteldat Entertainment, The Collective Studios, Friendly Films Productions, 20th Century Fox",34.709,United States of America,en,83600000,88,32000000,2011,"Big Mommas: Like Father, Like Son",3
,https://www.imdb.com/title/tt0400717/,Movie,6.1,86.0,"Animation, Adventure, Comedy, Family",105205,9/29/06,"Roger Allers, Jill Culton, Anthony Stacchi","Sony Pictures Animation, Columbia Pictures, Reel FX Creative Studios",39.074,United States of America,en,197300000,89,85000000,2006,Open Season,1
,https://www.imdb.com/title/tt1107365/,Movie,5.5,76.0,"Animation, Adventure, Comedy, Family",26312,9/24/08,"Matthew O'Callaghan, Todd Wilderman","Sony Pictures Animation, Reel FX Creative Studios, Sony Pictures Home Entertainment",27.145,United States of America,en,8700000,89,0,2008,Open Season 2,2
,https://www.imdb.com/title/tt1646926/,Movie,5.0,75.0,"Animation, Adventure, Comedy, Family",13127,1/25/11,Cody Cameron,"Sony Pictures Animation, Reel FX Creative Studios, Sony Pictures Home Entertainment",23.766,United States of America,en,0,89,0,2011,Open Season 3,3
,https://www.imdb.com/title/tt0391198/,Movie,5.9,91.0,"Horror, Mystery, Thriller",150440,10/22/04,Takashi Shimizu,"Ghost House Pictures, Fellah Pictures, Senator International, Columbia Pictures",40.986,United States of America,en,183474602,90,10000000,2004,The Grudge,1
,https://www.imdb.com/title/tt0433386/,Movie,5.0,102.0,"Horror, Thriller",51321,10/13/06,Takashi Shimizu,"Ghost House Pictures, Columbia Pictures, Mandate International",30.927,United States of America,en,39143839,90,20000000,2006,The Grudge 2,2
,https://www.imdb.com/title/tt1053859/,Movie,4.6,90.0,"Horror, Mystery, Thriller",19613,6/2/09,Toby Wilkins,"Ozla Pictures, Stage 6 Films, Ghost House Pictures, Mandate International",24.076,United States of America,en,38610009,90,5000000,2009,The Grudge 3,3
,https://www.imdb.com/title/tt0283111/,Movie,6.4,92.0,"Comedy, Romance",114979,4/5/02,Walt Becker,"Tapestry Films, Myriad Pictures, Artisan Entertainment",26.163,United States of America,en,39241323,91,6000000,2002,National Lampoon's Van Wilder,1
,https://www.imdb.com/title/tt0480271/,Movie,4.8,97.0,"Comedy, Romance",23941,12/1/06,Mort Nathan,"Bauer Martinez Studios, Tapestry Films, Myriad Pictures, Van Wilder Deux, Inc.",21.32,United States of America,en,6086508,91,0,2006,Van Wilder: The Rise of Taj,2
,https://www.imdb.com/title/tt1276434/,Video,5.1,98.0,"Comedy, Romance",15073,7/14/09,Harvey Glazer,"Tapestry Films, Starz Media, Paramount Famous Productions",21.525,United States of America,en,20543,91,6000000,2009,Van Wilder: Freshman Year,3
,https://www.imdb.com/title/tt0289879/,Movie,7.6,113.0,"Drama, Sci-Fi, Thriller",519022,1/23/04,"Eric Bress, J. Mackye Gruber","FilmEngine, Katalyst Films, BenderSpink, New Line Cinema",58.146,"Canada, United States of America",en,96800000,92,13000000,2004,The Butterfly Effect,1
,https://www.imdb.com/title/tt0457297/,Movie,4.5,92.0,"Drama, Sci-Fi, Thriller",37237,8/10/06,John R. Leonetti,"BenderSpink, New Line Cinema, FilmEngine",37.616,United States of America,en,0,92,6000000,2006,The Butterfly Effect 2,2
,https://www.imdb.com/title/tt1234541/,Movie,5.6,90.0,"Crime, Sci-Fi, Thriller",20641,7/31/09,Seth Grossman,"After Dark Films, BenderSpink, FilmEngine",22.9,United States of America,en,0,92,0,2009,The Butterfly Effect 3: Revelations,3
,https://www.imdb.com/title/tt0366551/,Movie,7.0,88.0,"Adventure, Comedy",205371,7/30/04,Danny Leiner,"New Line Cinema, Senator International, Kingsgate Films, Endgame Entertainment",33.454,United States of America,en,23936908,93,9000000,2004,Harold & Kumar Go to White Castle,1
,https://www.imdb.com/title/tt0481536/,Movie,6.5,114.0,"Adventure, Comedy",141711,4/25/08,"Jon Hurwitz, Hayden Schlossberg","New Line Cinema, Kingsgate Films, Mandate Pictures, Mandate International",31.913,United States of America,en,43493123,93,12000000,2008,Harold & Kumar Escape from Guantanamo Bay,2
,https://www.imdb.com/title/tt1268799/,Movie,6.2,90.0,"Adventure, Comedy",72597,11/4/11,Todd Strauss-Schulson,"New Line Cinema, Mandate Pictures, Warner Bros. Pictures",19.629,United States of America,en,36192775,93,19000000,2011,A Very Harold & Kumar Christmas,3
,https://www.imdb.com/title/tt0164052/,Movie,5.8,112.0,"Action, Horror, Sci-Fi, Thriller",137955,8/4/00,Paul Verhoeven,"Columbia Pictures, Red Wagon Entertainment, Global Medien KG",64.614,"Germany, United States of America",en,190213455,94,95000000,2000,Hollow Man,1
,https://www.imdb.com/title/tt0469916/,Video,4.4,91.0,"Action, Horror, Sci-Fi, Thriller",10175,6/20/06,Claudio Fäh,"Destination Films, Red Wagon Entertainment, Red Wagon Productions",31.347,United States of America,en,0,94,0,2006,Hollow Man II,2
,https://www.imdb.com/title/tt0120201/,Movie,7.3,129.0,"Action, Adventure, Sci-Fi, Thriller",318839,11/7/1997,Paul Verhoeven,"TriStar Pictures, Touchstone Pictures, Jon Davison Productions, Big Bug Pictures",50.548,United States of America,en,121214377,95,105000000,1997,Starship Troopers,1
,https://www.imdb.com/title/tt0367093/,Video,3.6,88.0,"Action, Adventure, Horror, Sci-Fi",24377,5/4/04,Phil Tippett,"Startroop Pictures Inc., Tippett Studio, TriStar Pictures",28.728,United States of America,en,0,95,7000000,2004,Starship Troopers 2: Hero of the Federation,2
,https://www.imdb.com/title/tt0844760/,Video,4.3,105.0,"Action, Adventure, Sci-Fi",24504,8/5/08,Edward Neumeier,"Sony Pictures Home Entertainment, ApolloMovie Beteiligungs, Bold Films, Film Afrika, Sony Pictures, Sony Pictures Television International, Sony Pictures Releasing, Sony Pictures Television Studios",20.979,"United States of America, South Africa, Germany",en,0,95,9000000,2008,Starship Troopers 3: Marauder,3
,https://www.imdb.com/title/tt0268380/,Movie,7.5,81.0,"Animation, Adventure, Comedy, Family",516252,3/15/02,"Chris Wedge, Carlos Saldanha","20th Century Fox Animation, Blue Sky Studios, 20th Century Fox",105.069,United States of America,en,383257136,96,59000000,2002,Ice Age,1
,https://www.imdb.com/title/tt0438097/,Movie,6.8,91.0,"Animation, Adventure, Comedy, Family",295304,3/31/06,Carlos Saldanha,"20th Century Fox Animation, Blue Sky Studios, 20th Century Fox",83.477,United States of America,en,660998756,96,80000000,2006,Ice Age: The Meltdown,2
,https://www.imdb.com/title/tt1080016/,Movie,6.9,94.0,"Animation, Adventure, Comedy, Family",262861,7/1/09,"Carlos Saldanha, Michael Thurmeier","Blue Sky Studios, 20th Century Fox Animation",75.847,United States of America,en,886686817,96,90000000,2009,Ice Age: Dawn of the Dinosaurs,3
,https://www.imdb.com/title/tt2100546/,TV Movie,6.4,26.0,"Animation, Adventure, Comedy, Family, Fantasy",11212,11/24/11,Karen Disher,"20th Century Fox Animation, Blue Sky Studios, Reel FX Creative Studios",38.557,United States of America,en,0,96,0,2011,Ice Age: A Mammoth Christmas,4
,https://www.imdb.com/title/tt1667889/,Movie,6.5,88.0,"Animation, Adventure, Comedy, Family",223692,7/13/12,"Steve Martino, Michael Thurmeier","Blue Sky Studios, 20th Century Fox Animation, 20th Century Fox",66.691,United States of America,en,877244782,96,95000000,2012,Ice Age: Continental Drift,5
,https://www.imdb.com/title/tt0351283/,Movie,6.9,86.0,"Animation, Adventure, Comedy, Family",435120,5/27/05,"Eric Darnell, Tom McGrath","Pacific Data Images, DreamWorks Animation, DreamWorks Pictures",85.135,United States of America,en,542100000,97,75000000,2005,Madagascar,1
,https://www.imdb.com/title/tt0479952/,Movie,6.6,89.0,"Animation, Adventure, Comedy, Family",246038,11/7/08,"Eric Darnell, Tom McGrath","DreamWorks Animation, Pacific Data Images, Paramount",65.785,United States of America,en,603900000,97,150000000,2008,Madagascar: Escape 2 Africa,2
,https://www.imdb.com/title/tt1277953/,Movie,6.8,93.0,"Animation, Adventure, Comedy, Family",196824,6/8/12,"Eric Darnell, Tom McGrath, Conrad Vernon","DreamWorks Animation, Paramount, Pacific Data Images",57.884,United States of America,en,746900000,97,145000000,2012,Madagascar 3: Europe's Most Wanted,3
,https://www.imdb.com/title/tt0441773/,Movie,7.6,92.0,"Animation, Action, Adventure, Comedy, Family, Fantasy",515651,6/6/08,"Mark Osborne, John Stevenson","DreamWorks Animation, Paramount",355.48,United States of America,en,631700000,440,130000000,2008,Kung Fu Panda,1
,https://www.imdb.com/title/tt1302011/,Movie,7.3,90.0,"Animation, Action, Adventure, Comedy, Drama, Family, Fantasy",316055,5/26/11,Jennifer Yuh Nelson,"DreamWorks Animation, Paramount",258.4,United States of America,en,665700000,440,150000000,2011,Kung Fu Panda 2,2
,https://www.imdb.com/title/tt0110357/,Movie,8.5,88.0,"Animation, Adventure, Drama, Family, Musical",1135536,6/24/1994,"Roger Allers, Rob Minkoff","Walt Disney Pictures, Walt Disney Feature Animation",142.465,United States of America,en,763455561,98,45000000,1994,The Lion King,1
,https://www.imdb.com/title/tt0120131/,Video,6.4,81.0,"Animation, Adventure, Drama, Family, Musical, Romance",74992,10/27/1998,"Darrell Rooney, Rob LaDuca","Disney Television Animation, DisneyToon Studios, Walt Disney Pictures",79.601,United States of America,en,0,98,0,1998,The Lion King II: Simba's Pride,2
,https://www.imdb.com/title/tt0318403/,Video,6.5,77.0,"Animation, Adventure, Comedy, Family, Musical",45678,2/10/04,Bradley Raymond,"DisneyToon Studios, Walt Disney Pictures",61.757,United States of America,en,1465,98,0,2004,The Lion King 1½,3
,https://www.imdb.com/title/tt0097757/,Movie,7.6,83.0,"Animation, Adventure, Family, Fantasy, Musical, Romance",289549,11/17/1989,"Ron Clements, John Musker","Walt Disney Pictures, Silver Screen Partners IV, Walt Disney Feature Animation",100.302,United States of America,en,211300000,99,40000000,1989,The Little Mermaid,1
,https://www.imdb.com/title/tt0240684/,Video,5.5,75.0,"Animation, Adventure, Comedy, Drama, Family, Fantasy, Musical",22138,9/19/00,"Jim Kammerud, Brian Smith, Bill Speers","Disney Television Animation, DisneyToon Studios",9.38,"Australia, Canada, United States of America",en,0,99,0,2000,The Little Mermaid II: Return to the Sea,2
,https://www.imdb.com/title/tt0969647/,Video,6.1,77.0,"Animation, Adventure, Comedy, Drama, Family, Fantasy, Musical",11254,8/25/08,Peggy Holmes,DisneyToon Studios,2.729,United States of America,en,0,99,0,2008,The Little Mermaid: Ariel's Beginning,3
,https://www.imdb.com/title/tt0337697/,Movie,5.8,111.0,"Comedy, Family, Romance",41436,4/2/04,Martha Coolidge,"Stillking Films, Sobini Films, Epsilon Motion Pictures, Paramount, Lionsgate",15.966,"Czech Republic, Switzerland, United States of America",en,0,100,0,2004,The Prince and Me,1
,https://www.imdb.com/title/tt0477072/,Video,4.3,96.0,"Comedy, Family, Romance",5277,2/21/06,Catherine Cyran,"Sobini Films, Capital Arts Entertainment",33.923,United States of America,en,0,100,0,2006,The Prince & Me II: The Royal Wedding,2
,https://www.imdb.com/title/tt1094198/,Video,4.2,92.0,"Comedy, Family, Romance",2167,10/28/08,Catherine Cyran,"Nu Image, Millennium Media",14.605,United States of America,en,0,100,0,2008,The Prince & Me 3: A Royal Honeymoon,3
,https://www.imdb.com/title/tt1340161/,TV Movie,4.6,93.0,"Action, Adventure, Comedy, Family, Romance",1401,3/23/10,Catherine Cyran,"Swingin' Productions, M1 Films",13.431,United States of America,en,0,100,2500000,2010,The Prince & Me: The Elephant Adventure,4
,https://www.imdb.com/title/tt0247638/,Movie,6.4,115.0,"Comedy, Family, Romance",162390,8/3/01,Garry Marshall,"Bottom of the Ninth Productions, Walt Disney Pictures, BrownHouse Productions",70.505,United States of America,en,165335153,101,37000000,2001,The Princess Diaries,1
,https://www.imdb.com/title/tt0368933/,Movie,5.8,113.0,"Comedy, Family, Romance",88435,8/11/04,Garry Marshall,"BrownHouse Productions, Walt Disney Pictures",50.93,United States of America,en,134734481,101,40000000,2004,The Princess Diaries 2: Royal Engagement,2
,https://www.imdb.com/title/tt0243155/,Movie,6.8,97.0,"Comedy, Drama, Romance",262220,4/13/01,Sharon Maguire,"Universal Pictures, StudioCanal, Miramax, Working Title Films, Little Bird",32.541,"France, Ireland, United Kingdom, United States of America",en,281900000,102,25000000,2001,Bridget Jones's Diary,1
,https://www.imdb.com/title/tt0317198/,Movie,6.0,108.0,"Comedy, Drama, Romance",121940,11/19/04,Beeban Kidron,"Universal Pictures, StudioCanal, Miramax, Working Title Films, Little Bird, Working Title Films",30.4,"France, Ireland, United Kingdom, United States of America",en,262500000,102,40000000,2004,Bridget Jones: The Edge of Reason,2
,https://www.imdb.com/title/tt1473832/,Movie,6.5,123.0,"Comedy, Drama, Romance",81903,9/16/16,Sharon Maguire,"Universal Pictures, StudioCanal, Miramax, Working Title Films, Working Title, Working Title Films",31.182,"France, United Kingdom, United States of America, Ireland",en,212000000,102,35000000,2016,Bridget Jones's Baby,3
,https://www.imdb.com/title/tt0120762/,Movie,7.7,87.0,"Animation, Adventure, Comedy, Family, Fantasy, Musical, War",314462,6/19/1998,"Tony Bancroft, Barry Cook","Walt Disney Pictures, Walt Disney Feature Animation",102.674,United States of America,en,304320254,103,90000000,1998,Mulan,1
,https://www.imdb.com/title/tt0279967/,Video,5.6,79.0,"Animation, Adventure, Comedy, Family, Fantasy, Musical",29050,12/17/04,"Darrell Rooney, Lynne Southerland","Walt Disney Pictures, DisneyToon Studios",67.012,United States of America,en,0,103,0,2004,Mulan II,2
,https://www.imdb.com/title/tt0034492/,Movie,7.3,69.0,"Animation, Adventure, Drama, Family",153349,8/21/1942,"James Algar, Samuel Armstrong, David Hand, Graham Heid, Bill Roberts, Paul Satterfield, Norman Wright, Arthur Davis, Clyde Geronimi",Walt Disney Productions,42.598,United States of America,en,267447150,104,858000,1942,Bambi,1
,https://www.imdb.com/title/tt0447854/,Video,6.1,75.0,"Animation, Adventure, Drama, Family, Fantasy, Romance",11915,2/7/06,Brian Pimental,DisneyToon Studios,33.516,United States of America,en,0,104,0,2006,Bambi II,2
,https://www.imdb.com/title/tt0258463/,Movie,7.8,119.0,"Action, Mystery, Thriller",574085,6/14/02,Doug Liman,"Universal Pictures, Hypnotic, Kalima Productions, Stillking Films, The Kennedy/Marshall Company",52.28,"United States of America, Germany, Czech Republic",en,214034224,105,60000000,2002,The Bourne Identity,1
,https://www.imdb.com/title/tt0372183/,Movie,7.7,108.0,"Action, Mystery, Thriller",485326,7/23/04,Paul Greengrass,"Universal Pictures, The Kennedy/Marshall Company, Hypnotic, Motion Picture THETA Produktionsgesellschaft, Ludlum Entertainment, Studio Trite",61.399,"Germany, Russia, United States of America",en,288500217,105,75000000,2004,The Bourne Supremacy,2
,https://www.imdb.com/title/tt0440963/,Movie,8.0,115.0,"Action, Mystery, Thriller",656643,8/3/07,Paul Greengrass,"Universal Pictures, The Kennedy/Marshall Company, Ludlum Entertainment, Motion Picture BETA Produktionsgesellschaft, Bourne Again, KanZaman Services, Peninsula Films, Studio Babelsberg",62.184,"France, Germany, Spain, United States of America",en,442824138,105,70000000,2007,The Bourne Ultimatum,3
,https://www.imdb.com/title/tt1194173/,Movie,6.6,135.0,"Action, Adventure, Thriller",314812,8/10/12,Tony Gilroy,"Universal Pictures, Relativity Media, Captivate Entertainment, dentsu, The Kennedy/Marshall Company",47.42,United States of America,en,276600000,105,130000000,2012,The Bourne Legacy,4
,https://www.imdb.com/title/tt0082406/,Movie,7.2,83.0,"Animation, Adventure, Drama, Family",101320,7/10/1981,"Ted Berman, Richard Rich, Art Stevens, David Hand, Wolfgang Reitherman",Walt Disney Productions,47.771,United States of America,en,29800000,106,12000000,1981,The Fox and the Hound,1
,https://www.imdb.com/title/tt0465997/,Video,5.2,69.0,"Animation, Adventure, Comedy, Family, Musical",5812,12/11/06,Jim Kammerud,DisneyToon Studios,38.615,United States of America,en,0,106,24000000,2006,The Fox and the Hound 2,2
,https://www.imdb.com/title/tt0118767/,Movie,7.8,99.0,"Action, Crime, Drama, Thriller",24314,7/8/1998,Aleksey Balabanov,"SBS Independent, Adam Benjamin Elliot Pty. Ltd., Australian Film Commission",3.973,Australia,en,0,107,0,1998,Brother,1
,https://www.imdb.com/title/tt0238883/,Movie,7.6,122.0,"Action, Crime, Drama, Thriller",17185,5/11/00,Aleksey Balabanov,"CTB Film Company, Intercinema Art Agency",13.455,"Russia, United States of America",ru,1080000,107,1500000,2000,Brat 2,2
,https://www.imdb.com/title/tt0328880/,Movie,6.9,85.0,"Animation, Adventure, Comedy, Drama, Family, Fantasy, Musical",122959,11/1/03,"Aaron Blaise, Robert Walker",Walt Disney Feature Animation,78.239,United States of America,en,250397798,108,128000000,2003,Brother Bear,1
,https://www.imdb.com/title/tt0465925/,Video,6.1,74.0,"Animation, Adventure, Comedy, Family, Fantasy, Romance",20189,8/29/06,Ben Gluck,DisneyToon Studios,47.942,United States of America,en,0,108,0,2006,Brother Bear 2,2
,https://www.imdb.com/title/tt0099277/,Movie,5.9,99.0,"Action, Horror, Sci-Fi",8565,5/11/1990,Mark L. Lester,"Lightning Pictures, Original Pictures, Vestron Pictures",17.2,United States of America,en,2459895,109,5200000,1990,Class of 1999,1
,https://www.imdb.com/title/tt0109442/,Movie,4.3,87.0,"Action, Horror, Sci-Fi, Thriller",1764,7/9/1994,Spiro Razatos,CineTel Films,8.345,United States of America,en,0,109,0,1994,Class of 1999 II: The Substitute,2
,https://www.imdb.com/title/tt1384590/,Video,7.1,77.0,"Animation, Action, Adventure, Fantasy, Sci-Fi",17611,7/28/09,Lauren Montgomery,"DC Comics, Warner Bros. Animation",19.986,United States of America,en,0,110,3500000,2009,Green Lantern: First Flight,1
,https://www.imdb.com/title/tt1683043/,Video,6.7,84.0,"Animation, Action, Adventure, Fantasy, Sci-Fi",14809,6/7/11,"Christopher Berkeley, Lauren Montgomery, Jay Oliva","DC Comics, Warner Bros. Animation, Warner Premiere, DC Entertainment",24.424,United States of America,en,0,110,3500000,2011,Green Lantern: Emerald Knights,2
,https://www.imdb.com/title/tt0800320/,Movie,5.8,106.0,"Action, Adventure, Fantasy",292025,4/2/10,Louis Leterrier,"The Zanuck Company, Legendary Pictures, Thunder Road, Moving Picture Company, Warner Bros. Pictures",53.945,United States of America,en,493200000,111,125000000,2010,Clash of the Titans,1
,https://www.imdb.com/title/tt1646987/,Movie,5.7,99.0,"Action, Adventure, Fantasy",195107,3/30/12,Jonathan Liebesman,"Thunder Road, Legendary Pictures, Cott Productions, Furia de Titanes II, A.I.E., Warner Bros. Pictures",45.049,"Spain, United States of America",en,302000000,111,150000000,2012,Wrath of the Titans,2
,https://www.imdb.com/title/tt0077651/,Movie,7.7,91.0,"Horror, Thriller",305405,10/27/1978,John Carpenter,"Compass International Pictures, Falcon International Productions",61.652,United States of America,en,70300000,112,325000,1978,Halloween,1
,https://www.imdb.com/title/tt0082495/,Movie,6.5,92.0,Horror,101260,10/30/1981,Rick Rosenthal,"Universal Pictures, Dino De Laurentiis Company",32.129,United States of America,en,25500000,112,2500000,1981,Halloween II,2
,https://www.imdb.com/title/tt0085636/,Movie,5.1,98.0,"Horror, Mystery, Sci-Fi, Thriller",60703,10/22/1982,Tommy Lee Wallace,"Universal Pictures, Dino De Laurentiis Company",24.231,United States of America,en,14400000,112,2500000,1982,Halloween III: Season of the Witch,3
,https://www.imdb.com/title/tt0095271/,Movie,5.8,88.0,"Horror, Thriller",58402,10/21/1988,Dwight H. Little,"Trancas International Films, Galaxy International Releasing",26.914,United States of America,en,17800000,112,5000000,1988,Halloween 4: The Return of Michael Myers,4
,https://www.imdb.com/title/tt0097474/,Movie,4.9,96.0,"Horror, Thriller",46875,10/13/1989,Dominique Othenin-Girard,"Magnum Pictures Inc., Trancas International Films, Galaxy International Releasing",32.51,United States of America,en,11600000,112,3000000,1989,Halloween 5: The Revenge of Michael Myers,5
,https://www.imdb.com/title/tt0113253/,Movie,4.7,87.0,"Horror, Thriller",41836,9/29/1995,Joe Chappelle,"Halloween VI Productions, Nightfall Productions, Trancas International Films, Dimension Films",30.252,United States of America,en,15100000,112,5000000,1995,Halloween: The Curse of Michael Myers,6
,https://www.imdb.com/title/tt0120694/,Movie,5.8,86.0,"Horror, Thriller",81723,8/5/1998,Steve Miner,"Dimension Films, Nightfall Productions, Trancas International Films, Miramax",26.566,United States of America,en,75000000,112,17000000,1998,Halloween H20: 20 Years Later,7
,https://www.imdb.com/title/tt0220506/,Movie,3.9,90.0,"Horror, Thriller",49048,7/12/02,Rick Rosenthal,"Dimension Films, Nightfall Productions, Trancas International Films, Miramax",32.499,United States of America,en,37700000,112,13000000,2002,Halloween: Resurrection,8
,https://www.imdb.com/title/tt0373883/,Movie,6.0,109.0,Horror,130192,8/31/07,Rob Zombie,"Dimension Films, Nightfall Productions, Spectacle Entertainment Group, Trancas International Films",47.477,United States of America,en,80460948,112,15000000,2007,Halloween,9
,https://www.imdb.com/title/tt1311067/,Movie,4.8,105.0,Horror,59569,8/28/09,Rob Zombie,"Dimension Films, Spectacle Entertainment Group, Trancas International Films",28.552,United States of America,en,39421467,112,10000000,2009,Halloween II,10
,https://www.imdb.com/title/tt1502407/,Movie,6.5,106.0,"Crime, Horror, Thriller",168370,10/19/18,David Gordon Green,"Universal Pictures, Blumhouse Productions, Trancas International Films, Rough House Pictures, Miramax",58.393,United States of America,en,259900000,112,10000000,2018,Halloween,11
,https://www.imdb.com/title/tt0206314/,Movie,6.6,97.0,"Action, Mystery, Thriller",75546,10/5/01,John Dahl,"Regency Enterprises, Bad Robot",33.602,United States of America,en,36642838,114,23000000,2001,Joy Ride,1
,https://www.imdb.com/title/tt1140941/,Video,5.1,91.0,Horror,9206,10/7/08,Louis Morneau,JR Canada Productions,15.509,Canada,en,0,114,5000000,2008,Joy Ride 2: Dead Ahead,2
,https://www.imdb.com/title/tt0295700/,Movie,6.1,84.0,"Horror, Thriller",130515,5/30/03,Rob Schmidt,"DCP Wrong Turn Productions, Summit Entertainment, Newmarket Capital Group, Regency Enterprises, Media Cooperation One, Constantin Film, 20th Century Fox, Don Carmody Productions",62.906,"Canada, Germany, United States of America",en,28650575,116,12600000,2003,Wrong Turn,1
,https://www.imdb.com/title/tt0804555/,Video,5.4,93.0,"Adventure, Horror",45357,10/9/07,Joe Lynch,"20th Century Fox, Summit Entertainment, Constantin Film",56.114,"Germany, United States of America",en,0,116,4000000,2007,Wrong Turn 2: Dead End,2
,https://www.imdb.com/title/tt1261978/,Video,4.6,92.0,"Adventure, Fantasy, Horror",28668,10/20/09,Declan O'Brien,"Constantin Film, Summit Entertainment",55.337,"Germany, United States of America",en,0,116,3000000,2009,Wrong Turn 3: Left for Dead,3
,https://www.imdb.com/title/tt1865567/,Video,4.5,93.0,"Adventure, Horror",27817,10/10/12,Declan O'Brien,"Summit Entertainment, Constantin Film",54.469,"Germany, United States of America",en,0,116,3000000,2012,Wrong Turn 4: Bloody Beginnings,4
,https://www.imdb.com/title/tt0120524/,Movie,5.8,90.0,"Fantasy, Horror",25193,9/19/1997,Robert Kurtzman,"Live Entertainment, Image Organization, Pierre David",25.884,United States of America,en,15738769,118,5000000,1997,Wishmaster,1
,https://www.imdb.com/title/tt0156182/,Video,5.0,96.0,"Fantasy, Horror",9474,9/17/1999,Jack Sholder,"Artisan Entertainment, CTV International",24.601,United States of America,en,0,118,2500000,1999,Wishmaster 2: Evil Never Dies,2
,https://www.imdb.com/title/tt0254871/,Video,3.5,89.0,"Fantasy, Horror, Thriller",5071,10/23/01,Chris Angel,"Paquin Entertainment Group, Pendle View (WM) Limited, Overseas FilmGroup, Artisan Entertainment, Blue Rider Pictures, GFT Entertainment",17.554,"Canada, United States of America",en,0,118,1500000,2001,Wishmaster 3: Beyond the Gates of Hell,3
,https://www.imdb.com/title/tt0254872/,Video,4.0,90.0,"Fantasy, Horror, Romance",4159,10/22/02,Chris Angel,"Paquin Entertainment Group, Overseas FilmGroup, Artisan Entertainment, Blue Rider Pictures, GFT Entertainment",22.08,"United States of America, Canada",en,0,118,500000,2002,Wishmaster 4: The Prophecy Fulfilled,4
,https://www.imdb.com/title/tt0102059/,Movie,6.7,85.0,"Action, Comedy",116076,7/31/1991,Jim Abrahams,20th Century Fox,44.813,United States of America,en,181096164,119,26000000,1991,Hot Shots!,1
,https://www.imdb.com/title/tt0107144/,Movie,6.6,86.0,"Action, Comedy",96913,5/21/1993,Jim Abrahams,"Sidley Wright & Associates, 20th Century Fox",45.404,United States of America,en,133752825,119,25000000,1993,Hot Shots! Part Deux,2
,https://www.imdb.com/title/tt0095705/,Movie,7.6,85.0,"Comedy, Crime",183624,12/2/1988,David Zucker,Paramount,36.64,United States of America,en,152400000,120,12000000,1988,The Naked Gun: From the Files of Police Squad!,1
,https://www.imdb.com/title/tt0102510/,Movie,6.9,85.0,"Comedy, Crime",121532,6/28/1991,David Zucker,Paramount,42.905,United States of America,en,192000000,120,23000000,1991,The Naked Gun 2½: The Smell of Fear,2
,https://www.imdb.com/title/tt0110622/,Movie,6.5,83.0,"Comedy, Crime",111285,3/18/1994,Peter Segal,Paramount,32.856,United States of America,en,132000000,120,30000000,1994,Naked Gun 33 1/3: The Final Insult,3
,https://www.imdb.com/title/tt0822832/,Movie,7.0,115.0,"Drama, Family",167236,12/25/08,David Frankel,"Sunswept Entertainment, Dune Entertainment III",25.453,United States of America,en,255700000,121,60000000,2008,Marley & Me,1
,https://www.imdb.com/title/tt1704614/,Video,3.4,86.0,"Comedy, Family",2135,6/1/11,Michael Damian,"Regency Enterprises, 20th Century Fox Home Entertainment",16.081,"Canada, United States of America",en,0,121,0,2011,Marley & Me: The Puppy Years,2
,https://www.imdb.com/title/tt1014775/,Movie,3.9,91.0,"Adventure, Comedy, Drama, Family, Romance",25793,10/3/08,Raja Gosnell,"Walt Disney Pictures, Smart Entertainment, Mandeville Films",30.843,United States of America,en,149281606,122,20000000,2008,Beverly Hills Chihuahua,1
,https://www.imdb.com/title/tt1482393/,Video,4.2,85.0,"Adventure, Comedy, Family",4469,2/1/11,Alex Zamm,Walt Disney Pictures,16.216,United States of America,en,0,122,12000000,2011,Beverly Hills Chihuahua 2,2
,https://www.imdb.com/title/tt0477347/,Movie,6.5,108.0,"Adventure, Comedy, Family, Fantasy",375359,12/22/06,Shawn Levy,"1492 Pictures, 21 Laps Entertainment, 20th Century Fox, Ingenious Media, Sun Canada Productions",56.102,"United States of America, United Kingdom",en,574480841,123,110000000,2006,Night at the Museum,1
,https://www.imdb.com/title/tt1078912/,Movie,6.0,105.0,"Adventure, Comedy, Family, Fantasy",211752,5/22/09,Shawn Levy,"21 Laps Entertainment, 1492 Pictures, Dune Entertainment, Moving Picture Company, Museum Canada Productions, 20th Century Fox",40.061,"United States of America, Canada",en,413106170,123,150000000,2009,Night at the Museum: Battle of the Smithsonian,2
,https://www.imdb.com/title/tt0101414/,Movie,8.0,84.0,"Animation, Family, Fantasy, Musical, Romance",477982,11/22/1991,"Gary Trousdale, Kirk Wise","Walt Disney Pictures, Silver Screen Partners IV, Walt Disney Feature Animation",82.227,United States of America,en,424967620,124,25000000,1991,Beauty and the Beast,1
,https://www.imdb.com/title/tt0118692/,Video,5.9,72.0,"Animation, Family, Fantasy, Musical",12012,11/11/1997,Andrew Knight,Disney Television Animation,87.479,"Canada, United States of America",en,0,124,0,1997,Beauty and the Beast: The Enchanted Christmas,2
,https://www.imdb.com/title/tt0167038/,Video,4.8,92.0,"Animation, Adventure, Family, Fantasy, Musical, Romance",3370,2/16/1998,"Bob Kline, Cullen Blaine, Dale Case, Daniel de la Vega, Barbara Dourmaskin-Case, Rick Leon, Burt Medall, Mitch Rochon",Disney Television Animation,28.033,United States of America,en,0,124,0,1998,Belle's Magical World,3
,https://www.imdb.com/title/tt0042332/,Movie,7.3,74.0,"Animation, Family, Fantasy, Musical, Romance",173138,3/4/1950,"Clyde Geronimi, Wilfred Jackson, Hamilton Luske",Walt Disney Productions,125.783,United States of America,en,263600000,125,2900000,1950,Cinderella,1
,https://www.imdb.com/title/tt0291082/,Video,5.0,73.0,"Animation, Family, Fantasy, Musical, Romance",13587,2/26/02,John Kafka,"Walt Disney Animation Japan, Disney Television Animation",81.983,"Japan, United States of America",en,0,125,5000000,2002,Cinderella II: Dreams Come True,2
,https://www.imdb.com/title/tt0465940/,Video,6.0,73.0,"Animation, Adventure, Family, Fantasy, Musical, Romance",12717,2/6/07,Frank Nissen,DisneyToon Studios,51.339,United States of America,en,0,125,0,2007,Cinderella 3: A Twist in Time,3
,https://www.imdb.com/title/tt0356470/,Movie,5.9,95.0,"Comedy, Family, Romance",93623,7/16/04,Mark Rosman,"Dylan Sellers Productions, Gaylord Films, Clifford Werber Productions, Warner Bros. Pictures",47.589,"Canada, United States of America",en,70067909,126,19000000,2004,A Cinderella Story,1
,https://www.imdb.com/title/tt1071358/,TV Movie,5.7,90.0,"Comedy, Family, Music, Romance",30935,9/16/08,Damon Santostefano,"Warner Premiere, CS2 Films, Dylan Sellers Productions",28.313,"Canada, United States of America",en,0,126,5000000,2008,Another Cinderella Story,2
,https://www.imdb.com/title/tt1814614/,Video,5.9,88.0,"Comedy, Family, Music, Romance",13745,9/6/11,Damon Santostefano,Warner Premiere,48.784,United States of America,en,0,126,0,2011,A Cinderella Story: Once Upon a Song,3
,https://www.imdb.com/title/tt0093177/,Movie,6.9,94.0,"Horror, Thriller",139698,9/18/1987,Clive Barker,"New World Pictures, Cinemarque Entertainment, Film Futures, Rivdel Films, New World",56.771,"United Kingdom, United States of America",en,14575193,127,1000000,1987,Hellraiser,1
,https://www.imdb.com/title/tt0095294/,Movie,6.4,97.0,"Horror, Thriller",55842,12/23/1988,Tony Randel,"Film Futures, New World Pictures, Cinemarque Entertainment, King Video Productions, New World",30.557,"United Kingdom, United States of America",en,12090735,127,3000000,1988,Hellbound: Hellraiser II,2
,https://www.imdb.com/title/tt0104409/,Movie,5.5,97.0,Horror,34844,9/11/1992,Anthony Hickox,"Dimension Films, Fifth Avenue Entertainment, Trans Atlantic Entertainment, Lakeshore International",29.598,United States of America,en,12534961,128,5000000,1992,Hellraiser III: Hell on Earth,1
,https://www.imdb.com/title/tt0116514/,Movie,5.1,85.0,"Horror, Sci-Fi",24432,3/8/1996,Kevin Yagher,"Dimension Films, Miramax, Trans Atlantic Entertainment",27.494,United States of America,en,16675000,128,4000000,1996,Hellraiser: Bloodline,2
,https://www.imdb.com/title/tt0229440/,Video,5.4,99.0,"Crime, Horror, Mystery, Thriller",19065,10/3/00,Scott Derrickson,"Miramax, Neo Art & Logic, Dimension Films",26.937,United States of America,en,0,128,2000000,2000,Hellraiser: Inferno,3
,https://www.imdb.com/title/tt0274546/,Video,4.9,89.0,"Horror, Mystery, Thriller",14383,10/15/02,Rick Bota,"Miramax, Dimension Films, Neo Art & Logic, Cold Day Ltd.",32.529,"United States of America, Canada",en,0,128,3000000,2002,Hellraiser: Hellseeker,4
,https://www.imdb.com/title/tt0337636/,Video,4.4,88.0,"Horror, Mystery, Thriller",11812,6/7/05,Rick Bota,"Dimension Films, Stan Winston Productions, Neo Art & Logic, Castel Film",21.024,"Romania, United States of America",en,0,128,4000000,2005,Hellraiser: Deader,5
,https://www.imdb.com/title/tt0354623/,Video,4.2,91.0,Horror,12883,9/6/05,Rick Bota,"Neo Art & Logic, Miramax, Castel Film, Dimension Films",30.797,"Romania, United States of America",en,0,128,5000000,2005,Hellraiser: Hellworld,6
,https://www.imdb.com/title/tt1716747/,Movie,2.7,75.0,Horror,9843,10/18/11,Víctor Garcia,"Neo Art & Logic, Puzzlebox Films, Dimension Extreme, Dimension Films",36.07,United States of America,en,0,128,350000,2011,Hellraiser: Revelations,7
,https://www.imdb.com/title/tt0887261/,Movie,5.9,121.0,"Horror, Mystery, Thriller",48275,10/7/22,David Bruckner,"Phantom Four, Spyglass Media Group",42.373,United States of America,en,0,128,14000000,2022,Hellraiser,8
,https://www.imdb.com/title/tt0103919/,Movie,6.7,99.0,"Horror, Thriller",99708,10/16/1992,Bernard Rose,"Propaganda Films, PolyGram Filmed Entertainment, Candyman Films, TriStar Pictures",24.39,United States of America,en,25792310,130,6000000,1992,Candyman,1
,https://www.imdb.com/title/tt0112625/,Movie,5.2,95.0,"Horror, Thriller",14284,3/17/1995,Bill Condon,"Propaganda Films, PolyGram Filmed Entertainment, Gramercy Pictures",14.772,United States of America,en,13940383,130,0,1995,Candyman: Farewell to the Flesh,2
,https://www.imdb.com/title/tt0165662/,Video,3.9,93.0,"Horror, Thriller",7588,1/27/00,Turi Meyer,"Aurora Productions, Artisan Entertainment",14.98,United States of America,en,0,130,0,2000,Candyman: Day of the Dead,3
,https://www.imdb.com/title/tt0263488/,Movie,6.2,90.0,"Horror, Mystery",141667,8/31/01,Victor Salva,"United Artists, American Zoetrope, Cinerenta Medienbeteiligungs KG, Cinerenta-Cinebeta, VCL Communications",42.697,"Germany, United States of America",en,59217789,131,10000000,2001,Jeepers Creepers,1
,https://www.imdb.com/title/tt0301470/,Movie,5.7,104.0,Horror,70263,8/29/03,Victor Salva,"Jeepers Creepers II, United Artists, American Zoetrope, Myriad Pictures",60.118,United States of America,en,63102666,131,17000000,2003,Jeepers Creepers 2,2
,https://www.imdb.com/title/tt1139592/,Movie,3.9,100.0,Horror,24210,11/2/17,Victor Salva,"Scoundrel Media, Myriad Pictures, Infinity Films, Ansgar Media, Village Studios, The Cartel",50.896,United States of America,en,4017852,131,6200000,2017,Jeepers Creepers III,3
,https://www.imdb.com/title/tt0357507/,Movie,4.2,89.0,"Drama, Horror, Mystery, Thriller",32530,2/4/05,Stephen Kay,"Pacific Renaissance Pictures, Screen Gems, Ghost House Pictures, Senator International",15.984,United States of America,en,67192859,132,20000000,2005,Boogeyman,1
,https://www.imdb.com/title/tt0900357/,Movie,5.0,93.0,"Horror, Thriller",8993,1/8/08,Jeff Betancourt,"Destination Films, Ghost House Pictures",20.086,United States of America,en,1798418,132,4500000,2008,Boogeyman 2,2
,https://www.imdb.com/title/tt1204883/,Movie,4.6,94.0,"Horror, Thriller",5305,1/20/09,Gary Jones,"B and G Derivatives Holdings, Ghost House Pictures, Stage 6 Films",21.184,United States of America,en,156941,132,0,2009,Boogeyman 3,3
,https://www.imdb.com/title/tt0080464/,Movie,4.7,82.0,Horror,5068,11/7/1980,Ulli Lommel,The Jerry Gross Organization,13.137,United States of America,en,0,133,300000,1980,The Boogey Man,1
,https://www.imdb.com/title/tt0085266/,Movie,2.1,79.0,Horror,1204,8/24/1983,"Bruce Pearn, Ulli Lommel, Paul Willson",New West Films,5.564,United States of America,en,0,133,0,1983,Boogeyman II,2
,https://www.imdb.com/title/tt0162889/,Video,1.4,76.0,Horror,481,5/5/1994,"Deland Nuse, Ulli Lommel",Simitar Entertainment Inc,2.443,United States of America,en,0,133,0,1994,Return of the Boogeyman,3
,https://www.imdb.com/title/tt0114194/,Movie,6.4,98.0,"Action, Crime, Drama, Fantasy, Horror, Mystery, Thriller",33221,9/1/1995,Gregory Widen,"Overseas FilmGroup, Dimension Films, NEO Motion Pictures, First Look International",31.269,United States of America,en,16115878,134,8000000,1995,The Prophecy,1
,https://www.imdb.com/title/tt0118643/,Video,5.7,87.0,"Fantasy, Horror, Thriller",8152,1/20/1998,Greg Spence,"Overseas FilmGroup, Dimension Films, NEO Motion Pictures",21.766,United States of America,en,0,134,0,1998,The Prophecy II,2
,https://www.imdb.com/title/tt0183678/,Video,5.4,84.0,"Fantasy, Horror, Thriller",5773,3/14/00,Patrick Lussier,"Overseas FilmGroup, Dimension Films, Neo Art & Logic",17.565,United States of America,en,0,134,0,2000,The Prophecy 3: The Ascent,3
,https://www.imdb.com/title/tt0365658/,Video,5.0,88.0,"Thriller, Action, Fantasy, Horror",2625,6/7/05,Joel Soisson,"Neo Art & Logic, Dimension Films",12.966,United States of America,en,0,134,0,2005,The Prophecy: Uprising,4
,https://www.imdb.com/title/tt0439771/,Video,4.4,75.0,"Fantasy, Horror, Thriller",1943,9/6/05,Joel Soisson,"Dimension Films, Castel Film",15.195,United States of America,en,0,134,0,2005,The Prophecy: Forsaken,5
,https://www.imdb.com/title/tt0421073/,Movie,6.8,109.0,"Action, Crime, Thriller",120394,4/11/08,David Ayer,"Fox Searchlight Pictures, Regency Enterprises, Dune Entertainment III, Yari Film Group (YFG), EFO Films",18.818,United States of America,en,66500000,135,20000000,2008,Street Kings,1
,https://www.imdb.com/title/tt1707687/,Video,4.8,92.0,"Action, Crime, Thriller",3235,4/19/11,Chris Fisher,"20th Century Fox, Silver Nitrate",18.238,United States of America,en,0,135,0,2011,Street Kings 2: Motor City,2
,https://www.imdb.com/title/tt0257076/,Movie,6.1,117.0,"Action, Adventure, Crime, Thriller",153582,8/8/03,Clark Johnson,"Original Film, Camelot Pictures, Chris Lee Productions, Illusion Entertainment, Columbia Pictures",62.166,"United States of America, China",en,207700000,136,80000000,2003,S.W.A.T.,1
,https://www.imdb.com/title/tt1621429/,Video,5.3,89.0,"Action, Crime, Thriller",12332,3/1/11,Benny Boom,"Original Film, Stage 6 Films, RCR Media Group",26.453,United States of America,en,0,136,8000000,2011,S.W.A.T.: Firefight,2
,https://www.imdb.com/title/tt0075005/,Movie,7.5,111.0,"Horror, Mystery",130140,6/25/1976,Richard Donner,"Mace Neufeld Productions, 20th Century Fox, Harvey Bernhard Productions",43.98,"United States of America, United Kingdom",en,60922980,137,2800000,1976,The Omen,1
,https://www.imdb.com/title/tt0077394/,Movie,6.2,107.0,Horror,35122,6/9/1978,"Don Taylor, Mike Hodges","Mace Neufeld Productions, 20th Century Fox, Harvey Bernhard Productions",38.398,United States of America,en,26518355,137,6800000,1978,Damien: Omen II,2
,https://www.imdb.com/title/tt0082377/,Movie,5.5,108.0,Horror,22237,3/20/1981,Graham Baker,"20th Century Fox, Harvey Bernhard Productions, Mace Neufeld Productions",25.982,United States of America,en,20471382,137,5000000,1981,The Final Conflict,3
,https://www.imdb.com/title/tt0102585/,TV Movie,3.9,97.0,Horror,7483,5/20/1991,"Jorge Montesi, Dominique Othenin-Girard","FNM Films, Harvey Bernhard Productions, Mace Neufeld Productions",24.777,United States of America,en,0,137,0,1991,Omen IV: The Awakening,4
,https://www.imdb.com/title/tt0462590/,Movie,6.5,104.0,"Crime, Drama, Music, Romance",126381,8/11/06,Anne Fletcher,"Eketahuna LLC, Touchstone Pictures, Summit Entertainment, Offspring Entertainment",25.003,United States of America,en,114194847,138,12000000,2006,Step Up,1
,https://www.imdb.com/title/tt1023481/,Movie,6.2,98.0,"Drama, Music, Romance",90801,2/14/08,Jon M. Chu,"Touchstone Pictures, Summit Entertainment, Offspring Entertainment, Walt Disney Studios",36.812,United States of America,en,150816700,138,23000000,2008,Step Up 2: The Streets,2
,https://www.imdb.com/title/tt1193631/,Movie,6.2,107.0,"Drama, Music, Romance",60101,8/6/10,Jon M. Chu,"Touchstone Pictures, Summit Entertainment",39.433,United States of America,en,159291809,138,30000000,2010,Step Up 3D,3
,https://www.imdb.com/title/tt1800741/,Movie,6.4,99.0,"Drama, Music, Romance",58014,7/27/12,Scott Speer,"Summit Entertainment, Offspring Entertainment",47.761,"United States of America, Singapore",en,140470746,138,33000000,2012,Step Up Revolution,4
,https://www.imdb.com/title/tt0206275/,Movie,6.2,112.0,"Drama, Music, Romance",65788,1/12/01,Thomas Carter,"MTV Films, Cort/Madden Productions",20.841,United States of America,en,131706809,139,13000000,2001,Save the Last Dance,1
,https://www.imdb.com/title/tt0486656/,Video,5.2,90.0,"Drama, Music, Romance",5384,10/10/06,David Petrarca,"Paramount Home Entertainment, MTV Films",15.801,United States of America,en,0,139,0,2006,Save the Last Dance 2,2
,https://www.imdb.com/title/tt0087538/,Movie,7.3,126.0,"Action, Drama, Family, Sport",243233,6/22/1984,John G. Avildsen,"Columbia Pictures, Delphi II Productions, Jerry Weintraub Productions",43.015,United States of America,en,130442786,140,8000000,1984,The Karate Kid,1
,https://www.imdb.com/title/tt0091326/,Movie,6.1,113.0,"Action, Family, Sport",98397,6/20/1986,John G. Avildsen,"Columbia Pictures, Delphi II Productions",40.362,"United States of America, China",en,115103979,140,13000000,1986,The Karate Kid Part II,2
,https://www.imdb.com/title/tt0097647/,Movie,5.3,112.0,"Action, Drama, Family, Sport",68823,6/30/1989,John G. Avildsen,"Columbia Pictures, Weintraub International Group",32.67,United States of America,en,38956288,140,12500000,1989,The Karate Kid Part III,3
,https://www.imdb.com/title/tt0110657/,Movie,4.5,107.0,"Action, Drama, Family, Romance, Sport",33604,9/9/1994,Christopher Cain,Columbia Pictures,32.513,United States of America,en,15876353,140,12000000,1994,The Next Karate Kid,4
,https://www.imdb.com/title/tt1155076/,Movie,6.2,140.0,"Action, Drama, Family, Sport",204180,6/11/10,Harald Zwart,"Jerry Weintraub Productions, Columbia Pictures, China Film Group, Overbrook Entertainment, Sony Pictures, Zwart Arbeid",62.528,"China, United States of America",en,359126022,140,40000000,2010,The Karate Kid,5
,https://www.imdb.com/title/tt0120616/,Movie,7.1,124.0,"Action, Adventure, Fantasy",458636,5/7/1999,Stephen Sommers,"Universal Pictures, Alphaville",71.458,United States of America,en,415885488,141,80000000,1999,The Mummy,1
,https://www.imdb.com/title/tt0209163/,Movie,6.4,130.0,"Action, Adventure, Fantasy, Thriller",344479,5/4/01,Stephen Sommers,"Universal Pictures, Alphaville",54.334,United States of America,en,443280904,141,98000000,2001,The Mummy Returns,2
,https://www.imdb.com/title/tt0859163/,Movie,5.2,112.0,"Action, Adventure, Fantasy, Horror",170073,8/1/08,Rob Cohen,"Universal Pictures, Relativity Media, The Sommers Company, Alphaville, Beijing Happy Pictures, Shanghai Film Group, Internationale Filmproduktion Blackbird Erste",45.344,"China, Germany, United States of America",en,403449830,141,145000000,2008,The Mummy: Tomb of the Dragon Emperor,3
,https://www.imdb.com/title/tt0277296/,Movie,5.5,92.0,"Action, Adventure, Fantasy",145023,4/19/02,Chuck Russell,"Universal Pictures, Alphaville, Kalima Productions, World Wrestling Entertainment (WWE)",50.687,"United States of America, Germany, Belgium",en,165333180,142,60000000,2002,The Scorpion King,1
,https://www.imdb.com/title/tt1104123/,Video,3.8,109.0,"Action, Adventure, Fantasy",14613,8/19/08,Russell Mulcahy,"Universal Pictures, ApolloMovie Beteiligungs, The Sommers Company, Film Afrika",39.206,"United States of America, South Africa, Germany",en,0,142,0,2008,The Scorpion King 2: Rise of a Warrior,2
,https://www.imdb.com/title/tt0952640/,Movie,5.2,92.0,"Adventure, Comedy, Family, Fantasy, Music, Musical",94191,12/14/07,Tim Hill,"Fox 2000 Pictures, Regency Enterprises, Bagdasarian Productions, Dune Entertainment, 20th Century Fox",46.11,United States of America,en,361366633,143,60000000,2007,Alvin and the Chipmunks,1
,https://www.imdb.com/title/tt1231580/,Movie,4.5,88.0,"Adventure, Comedy, Family, Fantasy, Music, Musical",54140,12/23/09,Betty Thomas,"Fox 2000 Pictures, Bagdasarian Productions, Regency Enterprises, 20th Century Fox, Dune Entertainment",44.99,United States of America,en,443140005,143,75000000,2009,Alvin and the Chipmunks: The Squeakquel,2
,https://www.imdb.com/title/tt1615918/,Movie,4.4,87.0,"Adventure, Comedy, Family, Fantasy, Music, Musical",39263,12/16/11,Mike Mitchell,"Fox 2000 Pictures, 20th Century Fox, Regency Enterprises, Dune Entertainment, Bagdasarian Productions",46.405,United States of America,en,342695435,143,75000000,2011,Alvin and the Chipmunks: Chipwrecked,3
,https://www.imdb.com/title/tt0106977/,Movie,7.8,130.0,"Action, Crime, Drama, Mystery, Thriller",316699,8/6/1993,Andrew Davis,Warner Bros. Pictures,36.048,United States of America,en,368875760,144,44000000,1993,The Fugitive,1
,https://www.imdb.com/title/tt0120873/,Movie,6.6,131.0,"Action, Crime, Thriller",112937,3/6/1998,Stuart Baird,"Kopelson Entertainment, Warner Bros. Pictures",49.2,United States of America,en,102367405,144,60000000,1998,U.S. Marshals,2
,https://www.imdb.com/title/tt0119675/,Movie,6.0,105.0,"Horror, Sci-Fi",55309,8/22/1997,Guillermo del Toro,Dimension Films,34.594,United States of America,en,25480490,145,30000000,1997,Mimic,1
,https://www.imdb.com/title/tt0239641/,Video,4.5,82.0,"Horror, Thriller, Sci-Fi",6117,7/17/01,Jean de Segonzac,"Dimension Films, Neo Art & Logic",29.688,United States of America,en,0,145,10000000,2001,Mimic 2,2
,https://www.imdb.com/title/tt0330634/,Video,4.2,77.0,"Horror, Sci-Fi, Thriller",4157,10/14/03,J.T. Petty,Neo Art & Logic,18.161,United States of America,en,0,145,10000000,2003,Mimic: Sentinel,3
,https://www.imdb.com/title/tt0122933/,Movie,6.7,103.0,"Comedy, Crime",161243,3/5/1999,Harold Ramis,"Spring Creek Pictures, Tribeca Productions, Baltimore Pictures, Warner Bros. Pictures, Village Roadshow Pictures, NPV Entertainment, Face Productions",31.723,"Australia, United States of America",en,176885658,146,80000000,1999,Analyze This,1
,https://www.imdb.com/title/tt0289848/,Movie,5.9,96.0,"Comedy, Crime",89271,12/6/02,Harold Ramis,"Face Productions, Village Roadshow Pictures, NPV Entertainment, Tribeca Productions, Baltimore Spring Creek Pictures, Warner Bros. Pictures",38.808,United States of America,en,55003135,146,60000000,2002,Analyze That,2
,https://www.imdb.com/title/tt0190138/,Movie,6.7,98.0,"Comedy, Crime",128725,2/18/00,Jonathan Lynn,"Rational Packaging, Lansdown Films",26.072,United States of America,en,106371651,147,41300000,2000,The Whole Nine Yards,1
,https://www.imdb.com/title/tt0327247/,Movie,5.5,98.0,"Comedy, Crime, Thriller",58549,4/9/04,Howard Deutch,"Nine Yards Two Productions, Cheyenne Enterprises, Franchise Pictures, MHF Zweite Academy Film, Eclipse Catering",23.339,United States of America,en,26155781,147,40000000,2004,The Whole Ten Yards,2
,https://www.imdb.com/title/tt0101272/,Movie,6.9,99.0,"Comedy, Fantasy",178930,11/22/1991,Barry Sonnenfeld,"Paramount, Scott Rudin Productions",61.981,United States of America,en,191502426,148,30000000,1991,The Addams Family,1
,https://www.imdb.com/title/tt0106220/,Movie,6.8,94.0,"Comedy, Fantasy",108939,11/19/1993,Barry Sonnenfeld,"Scott Rudin Productions, Paramount",61.054,United States of America,en,48919043,148,47000000,1993,Addams Family Values,2
,https://www.imdb.com/title/tt0108171/,Movie,6.1,98.0,"Action, Thriller, War",25389,1/29/1993,Luis Llosa,"TriStar Pictures, Iguana Producciones, Baltimore Pictures, Sniper Productions",35.107,"Peru, United States of America",en,18994652,149,0,1993,Sniper,1
,https://www.imdb.com/title/tt0338450/,Video,5.2,91.0,"Action, War",6595,1/15/08,Craig R. Baxley,"Sandstorm Films, TriStar Pictures",19.784,"Hungary, United States of America",en,0,149,5000000,2008,Sniper 2,2
,https://www.imdb.com/title/tt0408196/,Video,5.2,90.0,"Action, Drama, Thriller, War",4543,2004,P.J. Pesce,"Sandstorm Films, Destination Films",23.12,United States of America,en,0,149,0,2004,Sniper 3,3
,https://www.imdb.com/title/tt1571243/,Video,5.4,91.0,"Action, Drama, Thriller, War",8522,4/26/11,Claudio Fäh,"ApolloMovie Beteiligungs, Stage 6 Films, Film Afrika",31.944,"United States of America, South Africa, Germany",en,0,149,0,2011,Sniper: Reloaded,4
,https://www.imdb.com/title/tt1000774/,Movie,5.7,145.0,"Comedy, Drama, Romance",126929,5/30/08,Michael Patrick King,"Darren Star Productions, New Line Cinema, HBO",37.158,United States of America,en,418800000,151,65000000,2008,Sex and the City,1
,https://www.imdb.com/title/tt1261945/,Movie,4.5,146.0,"Comedy, Drama, Romance",83786,5/27/10,Michael Patrick King,"Village Roadshow Pictures, New Line Cinema, Darren Star Productions, HBO",36.458,United States of America,en,290700000,151,100000000,2010,Sex and the City 2,2
,https://www.imdb.com/title/tt0258827/,Movie,5.3,90.0,Comedy,4467,3/29/01,Dennis Gansel,"Bayerischer Banken-Fonds, RTL, Key Entertainment, OLGA FILM",9.743,Germany,de,0,152,0,2001,Girls on Top,1
,https://www.imdb.com/title/tt0385891/,Movie,4.8,88.0,"Comedy, Romance",1763,6/17/04,Peter Gersina,"Bayerischer Banken-Fonds, RTL, OLGA FILM",5.438,Germany,de,0,152,0,2004,Mädchen Mädchen 2,2
,https://www.imdb.com/title/tt0105793/,Movie,7.0,94.0,"Comedy, Music",169954,2/14/1992,Penelope Spheeris,Paramount,26.854,United States of America,en,183097323,153,20000000,1992,Wayne's World,1
,https://www.imdb.com/title/tt0108525/,Movie,6.2,95.0,"Comedy, Music",87847,12/10/1993,Stephen Surjik,Paramount,19.527,United States of America,en,48198019,153,40000000,1993,Wayne's World 2,2
,https://www.imdb.com/title/tt0067116/,Movie,7.7,104.0,"Action, Crime, Drama, Thriller",134835,10/9/1971,William Friedkin,"D'Antoni Productions, Schine-Moore Productions, 20th Century Fox",25.001,United States of America,en,41200000,154,1800000,1971,The French Connection,1
,https://www.imdb.com/title/tt0073018/,Movie,6.7,119.0,"Action, Crime, Drama, Thriller",20772,5/21/1975,John Frankenheimer,20th Century Fox,12.803,United States of America,en,12500000,154,4300000,1975,French Connection II,2
,https://www.imdb.com/title/tt0110475/,Movie,6.9,101.0,"Action, Comedy, Crime, Fantasy",417529,7/29/1994,Chuck Russell,"Dark Horse Entertainment, New Line Cinema",65.753,United States of America,en,351583407,155,23000000,1994,The Mask,1
,https://www.imdb.com/title/tt0362165/,Movie,2.3,94.0,"Comedy, Family, Fantasy",59146,2/18/05,Lawrence Guterman,"New Line Cinema, Kumar Mobiliengesellschaft mbH & Co. Projekt Nr. 1 KG, Dark Horse Entertainment, Radar Pictures",32.138,"Germany, United States of America",en,0,155,84000000,2005,Son of the Mask,2
,https://www.imdb.com/title/tt0383216/,Movie,5.7,93.0,"Adventure, Comedy, Crime, Mystery",92102,2/10/06,Shawn Levy,"Metro-Goldwyn-Mayer, Columbia Pictures, Robert Simonds Productions",37.42,United States of America,en,158851357,156,65000000,2006,The Pink Panther,1
,https://www.imdb.com/title/tt0838232/,Movie,5.6,92.0,"Action, Adventure, Comedy, Crime, Mystery",48019,2/6/09,Harald Zwart,"Metro-Goldwyn-Mayer, Columbia Pictures, Robert Simonds Productions",29.464,United States of America,en,75871032,156,0,2009,The Pink Panther 2,2
,https://www.imdb.com/title/tt0102926/,Movie,8.6,118.0,"Crime, Drama, Thriller",1539240,2/14/1991,Jonathan Demme,"Orion Pictures, Strong Heart",18.149,United States of America,en,272742922,157,19000000,1991,The Silence of the Lambs,1
,https://www.imdb.com/title/tt0212985/,Movie,6.8,131.0,"Crime, Drama, Thriller",291917,2/9/01,Ridley Scott,"Dino De Laurentiis Company, Universal Pictures, Scott Free Productions, Metro-Goldwyn-Mayer",7.576,"United Kingdom, United States of America",en,351692268,157,87000000,2001,Hannibal,2
,https://www.imdb.com/title/tt0289765/,Movie,7.2,124.0,"Crime, Drama, Thriller",289771,10/4/02,Brett Ratner,"Universal Pictures, Metro-Goldwyn-Mayer, Dino De Laurentiis Company, Mikona Productions, DDL Cinematografica",8.133,"Germany, Italy, United States of America",en,209196298,157,78000000,2002,Red Dragon,3
,https://www.imdb.com/title/tt0367959/,Movie,6.1,121.0,"Adventure, Crime, Drama, Thriller, War",115502,2/9/07,Peter Webber,"Dino De Laurentiis Company, Quinta Communications, Ingenious Media, Delta (Young Hannibal) Ltd.",7.907,"Czech Republic, France, United Kingdom, United States of America",en,82169884,157,50000000,2007,Hannibal Rising,4
,https://www.imdb.com/title/tt0091474/,Movie,7.2,120.0,"Crime, Mystery, Thriller",80463,8/15/1986,Michael Mann,"DEG, Red Dragon Productions S.A.",1.16,United States of America,en,8620929,157,15000000,1986,Manhunter,5
,https://www.imdb.com/title/tt0418819/,Movie,6.2,93.0,"Horror, Sci-Fi, Thriller",100511,6/24/05,George A. Romero,"Romero-Grunwald Productions, Universal Pictures, Atmosphere Entertainment MM, Wild Bunch, Rangerkim, Ontario Media Development Corporation",38.08,"Canada, United States of America, France",en,47074133,157,15000000,2005,Land of the Dead,6
,https://www.imdb.com/title/tt0087800/,Movie,7.4,91.0,Horror,260997,11/16/1984,Wes Craven,"New Line Cinema, Smart Egg Pictures, Media Home Entertainment, Cinema 84, The Elm Street Venture",46.932,"United States of America, United Kingdom",en,57000000,160,1800000,1984,A Nightmare on Elm Street,1
,https://www.imdb.com/title/tt0089686/,Movie,5.4,87.0,Horror,76921,11/1/1985,Jack Sholder,"New Line Cinema, Smart Egg Pictures, Heron Communications, Media Home Entertainment",42.01,"United Kingdom, United States of America",en,30000000,160,3000000,1985,A Nightmare on Elm Street 2: Freddy's Revenge,2
,https://www.imdb.com/title/tt0093629/,Movie,6.6,96.0,"Fantasy, Horror",89714,2/27/1987,Chuck Russell,"New Line Cinema, Smart Egg Pictures, Heron Communications",17.797,"United Kingdom, United States of America",en,44800000,160,4000000,1987,A Nightmare on Elm Street 3: Dream Warriors,3
,https://www.imdb.com/title/tt0095742/,Movie,5.6,93.0,Horror,61271,8/19/1988,Renny Harlin,"New Line Cinema, Heron Communications, Smart Egg Pictures",36.16,"United Kingdom, United States of America",en,49400000,160,6000000,1988,A Nightmare on Elm Street 4: The Dream Master,4
,https://www.imdb.com/title/tt0097981/,Movie,5.0,89.0,"Fantasy, Horror",50357,8/11/1989,Stephen Hopkins,"New Line Cinema, Heron Communications, Smart Egg Pictures",29.682,United States of America,en,22200000,160,6000000,1989,A Nightmare on Elm Street: The Dream Child,5
,https://www.imdb.com/title/tt0101917/,Movie,4.7,89.0,"Fantasy, Horror",50712,9/13/1991,Rachel Talalay,New Line Cinema,33.137,United States of America,en,34900000,160,5000000,1991,Freddy's Dead: The Final Nightmare,6
,https://www.imdb.com/title/tt0111686/,Movie,6.4,112.0,"Fantasy, Horror, Mystery, Thriller",63802,10/14/1994,Wes Craven,New Line Cinema,33.61,United States of America,en,57000000,160,8000000,1994,New Nightmare,7
,https://www.imdb.com/title/tt1179056/,Movie,5.2,95.0,"Crime, Drama, Horror, Mystery",107053,4/30/10,Samuel Bayer,"Platinum Dunes, New Line Cinema, Warner Bros. Pictures",31.575,United States of America,en,115664037,160,35000000,2010,A Nightmare on Elm Street,8
,https://www.imdb.com/title/tt0080761/,Movie,6.4,95.0,"Horror, Mystery, Thriller",156633,5/9/1980,Sean S. Cunningham,"Georgetown Productions Inc., Sean S. Cunningham Films, Paramount",59.085,United States of America,en,59800000,163,550000,1980,Friday the 13th,1
,https://www.imdb.com/title/tt0082418/,Movie,6.1,87.0,"Horror, Mystery, Thriller",77266,5/1/1981,Steve Miner,"Paramount, Georgetown Productions Inc.",29.634,United States of America,en,21700000,163,1250000,1981,Friday the 13th Part 2,2
,https://www.imdb.com/title/tt0083972/,Movie,5.6,95.0,"Horror, Thriller",60054,8/13/1982,Steve Miner,"Jason Productions, Georgetown Productions Inc., Paramount, Sean S. Cunningham Films",43.676,United States of America,en,36700000,163,4000000,1982,Friday the 13th: Part 3,3
,https://www.imdb.com/title/tt0087298/,Movie,6.0,91.0,"Horror, Thriller",58774,4/13/1984,Joseph Zito,"Friday Four, Inc., Georgetown Productions Inc., Paramount, Sean S. Cunningham Films",38.835,United States of America,en,33000000,163,2600000,1984,Friday the 13th: The Final Chapter,4
,https://www.imdb.com/title/tt0089173/,Movie,4.7,92.0,"Horror, Mystery, Thriller",43618,3/22/1985,Danny Steinmann,"Georgetown Productions Inc., Paramount",30.153,United States of America,en,21900000,163,2200000,1985,Friday the 13th: A New Beginning,5
,https://www.imdb.com/title/tt0091080/,Movie,6.0,86.0,"Horror, Thriller",50896,8/1/1986,Tom McLoughlin,"Terror Films, Paramount, Sean S. Cunningham Films",35.641,United States of America,en,19500000,163,3000000,1986,Friday the 13th Part VI: Jason Lives,6
,https://www.imdb.com/title/tt0095179/,Movie,5.2,88.0,"Horror, Thriller",42096,5/13/1988,John Carl Buechler,"Friday Four Films Inc., Sean S. Cunningham Films",34.615,United States of America,en,19200000,163,2800000,1988,Friday the 13th: The New Blood,7
,https://www.imdb.com/title/tt0097388/,Movie,4.5,100.0,"Adventure, Horror, Thriller",42811,7/28/1989,Rob Hedden,Paramount,28.667,United States of America,en,14000000,163,5000000,1989,Friday the 13th Part VIII: Jason Takes Manhattan,8
,https://www.imdb.com/title/tt0107254/,Movie,4.1,87.0,"Fantasy, Horror, Thriller",36582,8/13/1993,Adam Marcus,Sean S. Cunningham Films,29.682,United States of America,en,15900000,163,3000000,1993,Jason Goes to Hell,9
,https://www.imdb.com/title/tt0758746/,Movie,5.5,97.0,"Horror, Mystery, Thriller",116436,2/13/09,Marcus Nispel,"New Line Cinema, Paramount, Platinum Dunes, Crystal Lake Entertainment",38.681,United States of America,en,91509154,163,19000000,2009,Friday the 13th,10
,https://www.imdb.com/title/tt0325980/,Movie,8.1,143.0,"Action, Adventure, Fantasy",1203463,7/9/03,Gore Verbinski,"Walt Disney Pictures, Jerry Bruckheimer Films",426.239,United States of America,en,655011224,165,140000000,2003,Pirates of the Caribbean: The Curse of the Black Pearl,1
,https://www.imdb.com/title/tt0383574/,Movie,7.4,151.0,"Action, Adventure, Fantasy",763628,7/7/06,Gore Verbinski,"Walt Disney Pictures, Jerry Bruckheimer Films, Second Mate Productions",91.736,United States of America,en,1065700000,165,200000000,2006,Pirates of the Caribbean: Dead Man's Chest,2
,https://www.imdb.com/title/tt0449088/,Movie,7.1,169.0,"Action, Adventure, Fantasy",689981,5/25/07,Gore Verbinski,"Jerry Bruckheimer Films, Second Mate Productions, Walt Disney Pictures",110.883,United States of America,en,961000000,165,300000000,2007,Pirates of the Caribbean: At World's End,3
,https://www.imdb.com/title/tt1298650/,Movie,6.6,136.0,"Action, Adventure, Fantasy",561215,5/20/11,Rob Marshall,"Walt Disney Pictures, Jerry Bruckheimer Films, Moving Picture Company",118.936,"United Kingdom, United States of America",en,1045700000,165,379000000,2011,Pirates of the Caribbean: On Stranger Tides,4
,https://www.imdb.com/title/tt0146316/,Movie,5.8,100.0,"Action, Adventure, Fantasy, Thriller",218355,6/15/01,Simon West,"Paramount, Mutual Film Company, Lawrence Gordon Productions, Marubeni, Eidos Films, BBC Film, KFP Produktions, TOHO-TOWA, H2L Media Group, Tele München",49.196,"Germany, Japan, United Kingdom, United States of America",en,274700000,166,115000000,2001,Lara Croft: Tomb Raider,1
,https://www.imdb.com/title/tt0325703/,Movie,5.5,117.0,"Action, Adventure, Fantasy",144500,7/25/03,Jan de Bont,"Paramount, Mutual Film Company, Lawrence Gordon Productions, Eidos Films, TOHO-TOWA, October Pictures, BBC Film, Tele München",32.133,"Germany, Hong Kong, Japan, United Kingdom, United States of America",en,160100000,166,95000000,2003,Lara Croft: Tomb Raider - The Cradle of Life,2
,https://www.imdb.com/title/tt0068646/,Movie,9.2,175.0,"Crime, Drama",1999865,3/24/1972,Francis Ford Coppola,"Paramount, Alfran Productions",113.433,United States of America,en,245066411,167,6000000,1972,The Godfather,1
,https://www.imdb.com/title/tt0071562/,Movie,9.0,202.0,"Crime, Drama",1356737,12/18/1974,Francis Ford Coppola,"Paramount, The Coppola Company",78.453,United States of America,en,102600000,167,13000000,1974,The Godfather Part II,2
,https://www.imdb.com/title/tt0099674/,Movie,7.6,162.0,"Crime, Drama",422237,12/25/1990,Francis Ford Coppola,"Paramount, American Zoetrope",83.67,United States of America,en,136766062,167,54000000,1990,The Godfather Part III,3
,https://www.imdb.com/title/tt0240772/,Movie,7.7,116.0,"Crime, Thriller",615451,12/7/01,Steven Soderbergh,"Warner Bros. Pictures, Village Roadshow Pictures, NPV Entertainment, Jerry Weintraub Productions, Section Eight",77.984,United States of America,en,450717150,168,85000000,2001,Ocean's Eleven,1
,https://www.imdb.com/title/tt0349903/,Movie,6.5,125.0,"Crime, Thriller",412433,12/10/04,Steven Soderbergh,"Village Roadshow Pictures, Jerry Weintraub Productions, Section Eight, WV Films III, Warner Bros. Pictures",48.404,United States of America,en,362744280,168,110000000,2004,Ocean's Twelve,2
,https://www.imdb.com/title/tt0496806/,Movie,6.9,122.0,"Crime, Thriller",366014,6/8/07,Steven Soderbergh,"Village Roadshow Pictures, Warner Bros. Pictures, Section Eight, Jerry Weintraub Productions",54.472,United States of America,en,311312624,168,85000000,2007,Ocean's Thirteen,3
,https://www.imdb.com/title/tt0063442/,Movie,8.0,112.0,"Adventure, Sci-Fi",191874,4/3/1968,Franklin J. Schaffner,"APJAC Productions, 20th Century Fox",59.712,United States of America,en,32589624,169,5800000,1968,Planet of the Apes,1
,https://www.imdb.com/title/tt0065462/,Movie,6.0,95.0,"Action, Adventure, Sci-Fi",50863,5/26/1970,Ted Post,"APJAC Productions, 20th Century Fox",42.112,United States of America,en,18999718,169,3000000,1970,Beneath the Planet of the Apes,2
,https://www.imdb.com/title/tt0067065/,Movie,6.3,98.0,"Action, Sci-Fi",38710,7/9/1971,Don Taylor,"APJAC Productions, 20th Century Fox",31.915,United States of America,en,12400000,169,2500000,1971,Escape from the Planet of the Apes,3
,https://www.imdb.com/title/tt0068408/,Movie,6.1,88.0,"Action, Sci-Fi",35533,6/30/1972,J. Lee Thompson,"APJAC Productions, 20th Century Fox",26.346,United States of America,en,9700000,169,1700000,1972,Conquest of the Planet of the Apes,4
,https://www.imdb.com/title/tt0069768/,Movie,5.4,93.0,"Action, Sci-Fi",33423,6/15/1973,J. Lee Thompson,"Apjac International, 20th Century Fox",38.756,United States of America,en,8844595,169,1700000,1973,Battle for the Planet of the Apes,5
,https://www.imdb.com/title/tt0344854/,Movie,6.0,94.0,"Animation, Adventure, Comedy, Family, Fantasy",40631,1/12/07,Luc Besson,"Canal+, Sofica EuropaCorp, Avalanche Productions, EuropaCorp, Metro Voices, Digital Factory, The Weinstein Company",38.289,"France, United Kingdom, United States of America",en,107944236,170,86000000,2007,Arthur and the Invisibles,1
,https://www.imdb.com/title/tt0940657/,Movie,5.2,107.0,"Animation, Adventure, Family, Fantasy",10892,12/2/09,Luc Besson,"Apipoulaï, Avalanche Productions, Sofica EuropaCorp, EuropaCorp, Canal+, TF1 Films Production",30.48,France,fr,0,170,87000000,2009,Arthur and the Revenge of Maltazard,2
,https://www.imdb.com/title/tt0940656/,Movie,5.5,101.0,"Animation, Adventure, Family, Fantasy",10284,10/13/10,Luc Besson,"EuropaCorp, Apipoulaï, Avalanche Productions",33.064,France,en,0,170,70200000,2010,Arthur 3: The War of the Two Worlds,3
,https://www.imdb.com/title/tt0349205/,Movie,5.9,98.0,"Comedy, Family",108538,12/25/03,Shawn Levy,"20th Century Fox, Robert Simonds Productions",36.362,United States of America,en,190212113,171,40000000,2003,Cheaper by the Dozen,1
,https://www.imdb.com/title/tt0452598/,Movie,5.5,94.0,"Adventure, Comedy, Family",62581,12/21/05,Adam Shankman,"20th Century Fox, 21 Laps Entertainment",31.183,"Canada, United States of America",en,129181830,171,60000000,2005,Cheaper by the Dozen 2,2
,https://www.imdb.com/title/tt0109040/,Movie,6.9,86.0,Comedy,323464,2/4/1994,Tom Shadyac,"Morgan Creek Entertainment, Warner Bros. Pictures",40.613,United States of America,en,107217396,172,15000000,1994,Ace Ventura: Pet Detective,1
,https://www.imdb.com/title/tt0112281/,Movie,6.4,90.0,"Adventure, Comedy, Crime",232496,11/10/1995,Steve Oedekerk,"Morgan Creek Entertainment, Warner Bros. Pictures, Warner Bros.",41.058,United States of America,en,212385533,172,30000000,1995,Ace Ventura: When Nature Calls,2
,https://www.imdb.com/title/tt0396752/,Movie,6.6,97.0,"Comedy, Family, Fantasy",85072,1/27/06,Kirk Jones,"Metro-Goldwyn-Mayer, Three Strange Angels, Nanny McPhee Productions, Working Title Films, StudioCanal, Working Title Films",47.32,"United Kingdom, United States of America",en,123276807,173,25000000,2006,Nanny McPhee,1
,https://www.imdb.com/title/tt1415283/,Movie,6.1,109.0,"Comedy, Family, Fantasy, War",36852,8/20/10,Susanna White,"Three Strange Angels, Relativity Media, Working Title Films, StudioCanal, Working Title Films",44.939,"United States of America, United Kingdom, France",en,93251121,173,35000000,2010,Nanny McPhee Returns,2
,https://www.imdb.com/title/tt0108108/,TV Episode,7.6,102.0,"Action, Adventure, Drama, War",4436,5/5/1993,Tom Clegg,"Celtic Films Entertainment, Central, Picture Palace",8.524,United Kingdom,en,0,174,0,1993,Sharpe's Rifles,1
,https://www.imdb.com/title/tt0108107/,TV Episode,7.8,100.0,"Action, Adventure, Drama, War",3363,5/12/1993,Tom Clegg,"Celtic Films Entertainment, Central, Picture Palace",13.712,United Kingdom,en,0,174,0,1993,Sharpe's Eagle,2
,https://www.imdb.com/title/tt0111156/,TV Episode,7.8,100.0,"Action, Adventure, Drama, War",2886,5/14/1995,Tom Clegg,"Picture Palace, Celtic Films Entertainment",12.746,United Kingdom,en,0,174,0,1995,Sharpe's Company,3
,https://www.imdb.com/title/tt0111157/,TV Episode,7.8,90.0,"Action, Adventure, Drama, War",2828,5/21/1995,Tom Clegg,"Celtic Films Entertainment, ITV Central, Picture Palace",10.431,United Kingdom,en,0,174,0,1995,Sharpe's Enemy,4
,https://www.imdb.com/title/tt0111158/,TV Episode,7.6,101.0,"Action, Adventure, Drama, War",2456,5/28/1995,Tom Clegg,"Celtic Films Entertainment, ITV Central, Picture Palace",8.932,United Kingdom,en,0,174,0,1995,Sharpe's Honour,5
,https://www.imdb.com/title/tt0114417/,TV Episode,7.3,101.0,"Action, Adventure, Drama, War",2424,7/1/06,Tom Clegg,"Celtic Films Entertainment, Carlton Film Export, Central",7.927,United Kingdom,en,0,174,0,2006,Sharpe's Gold,6
,https://www.imdb.com/title/tt0114416/,TV Episode,7.8,100.0,"Action, Adventure, Drama, War",2334,7/8/06,Tom Clegg,Carlton Television,8.504,United Kingdom,en,0,174,0,2006,Sharpe's Battle,7
,https://www.imdb.com/title/tt0114418/,TV Episode,7.8,101.0,"Action, Adventure, Drama, War",2364,1995-04-26,Tom Clegg,Celtic Films Entertainment,6.676,United Kingdom,en,0,174,0,2006,Sharpe's Sword,8
,https://www.imdb.com/title/tt0117621/,TV Episode,7.8,100.0,"Action, Adventure, Drama, War",2243,7/22/06,Tom Clegg,"Celtic Films Entertainment, Picture Palace, Carlton UK Productions",8.553,United Kingdom,en,0,174,0,2006,Sharpe's Regiment,9
,https://www.imdb.com/title/tt0117622/,TV Episode,7.8,100.0,"Action, Adventure, Drama, War",2188,7/29/06,Tom Clegg,"Carlton UK Productions, Celtic Films Entertainment, Picture Palace",5.082,United Kingdom,en,0,174,0,2006,Sharpe's Siege,10
,https://www.imdb.com/title/tt0117620/,TV Episode,7.7,100.0,"Action, Adventure, Drama, War",2124,8/5/06,Tom Clegg,"Celtic Films Entertainment, Picture Palace",10.177,United Kingdom,en,0,174,0,2006,Sharpe's Mission,11
,https://www.imdb.com/title/tt0120110/,TV Episode,7.7,101.0,"Action, Adventure, Drama, War",2058,8/12/06,Tom Clegg,"Celtic Films Entertainment, Picture Palace",14.792,United Kingdom,en,0,174,0,2006,Sharpe's Revenge,12
,https://www.imdb.com/title/tt0120109/,TV Episode,7.4,100.0,"Action, Adventure, Drama, War",1976,8/19/06,Tom Clegg,"Celtic Films Entertainment, Picture Palace",11.465,United Kingdom,en,0,174,0,2006,Sharpe's Justice,13
,https://www.imdb.com/title/tt0120111/,TV Episode,7.9,101.0,"Action, Adventure, Drama, War",2494,8/26/06,Tom Clegg,"Celtic Films Entertainment, Carlton Television, Picture Palace",11.638,"United Kingdom, United States of America",en,0,174,0,2006,Sharpe's Waterloo,14
,https://www.imdb.com/title/tt0480002/,TV Episode,7.4,69.0,"Action, Adventure, Drama, War",2768,4/14/07,Tom Clegg,"Celtic Films Entertainment, Picture Palace",8.194,United Kingdom,en,0,174,0,2007,Sharpe's Challenge,15
,https://www.imdb.com/title/tt1181849/,TV Episode,7.2,69.0,"Action, Adventure, Drama, War",1917,4/4/10,Tom Clegg,"Celtic Films Entertainment, Picture Palace",10.341,United Kingdom,en,0,174,0,2010,Sharpe's Peril,16
,https://www.imdb.com/title/tt1320253/,Movie,6.4,103.0,"Action, Adventure, Thriller",363508,8/13/10,Sylvester Stallone,"Nimar Studios, Rogue Marble, Millennium Media, Nu Image, Lionsgate, Thunder Road",63.55,"Bulgaria, United States of America",en,274500000,175,80000000,2010,The Expendables,1
,https://www.imdb.com/title/tt1764651/,Movie,6.6,103.0,"Action, Adventure, Thriller",321420,8/17/12,Simon West,"Nu Image, Millennium Media, Lionsgate, Nu Boyana Film Studios, Thunder Road",47.852,"Bulgaria, United States of America",en,315000000,175,100000000,2012,The Expendables 2,2
,https://www.imdb.com/title/tt1046173/,Movie,5.7,118.0,"Action, Adventure, Sci-Fi, Thriller",214681,8/7/09,Stephen Sommers,"Paramount, Spyglass Entertainment, di Bonaventura Pictures, Hasbro, Kontsept Film Company",47.611,"Czech Republic, United States of America",en,302500000,176,175000000,2009,G.I. Joe: The Rise of Cobra,1
,https://www.imdb.com/title/tt1583421/,Movie,5.7,110.0,"Action, Adventure, Sci-Fi, Thriller",187007,3/28/13,Jon M. Chu,"Paramount, Hasbro, di Bonaventura Pictures, Saints LA, Metro-Goldwyn-Mayer, Skydance Media",41.215,"Canada, United States of America",en,371900000,176,130000000,2013,G.I. Joe: Retaliation,2
,https://www.imdb.com/title/tt0120390/,Movie,5.0,100.0,"Action, Thriller",12566,1/10/1997,Robert Butler,"Rysher Entertainment, Metro-Goldwyn-Mayer",15.371,United States of America,en,11466088,177,55000000,1997,Turbulence,1
,https://www.imdb.com/title/tt0192701/,Movie,4.2,101.0,"Action, Thriller",2361,12/27/1999,David Mackay,"Capital Arts Entertainment, Trimark Pictures",8.939,United States of America,en,0,177,0,1999,Turbulence 2: Fear of Flying,2
,https://www.imdb.com/title/tt0251448/,Video,3.6,98.0,"Action, Music, Thriller",2341,4/3/01,Jorge Montesi,,8.745,Canada,en,0,177,0,2001,Turbulence 3: Heavy Metal,3
,https://www.imdb.com/title/tt0105698/,Movie,6.1,102.0,"Action, Sci-Fi",95810,7/10/1992,Roland Emmerich,"TriStar Pictures, Centropolis Entertainment, IndieProd Company Productions, Carolco Pictures",36.578,United States of America,en,95000000,178,23000000,1992,Universal Soldier,1
,https://www.imdb.com/title/tt0176269/,Movie,4.2,83.0,"Action, Sci-Fi",30706,8/20/1999,Mic Rodgers,"TriStar Pictures, Baumgarten-Prophet Entertainment, IndieProd Company Productions, Long Road Entertainment",25.617,United States of America,en,10700000,178,33500000,1999,Universal Soldier: The Return,2
,https://www.imdb.com/title/tt1288403/,Movie,5.3,97.0,"Action, Adventure, Sci-Fi",26502,1/7/10,John Hyams,"Foresight Unlimited, Signature Entertainment, Baumgarten Management and Productions (BMP), Unisol 3 Distribution",39.532,United States of America,en,875000,178,14000000,2010,Universal Soldier: Regeneration,3
,https://www.imdb.com/title/tt1659343/,Movie,5.1,114.0,"Action, Horror, Mystery, Sci-Fi, Thriller",21345,10/25/12,John Hyams,"Signature Pictures, Foresight Unlimited, Baumgarten Management and Productions (BMP)",36.998,United States of America,en,1400000,178,11500000,2012,Universal Soldier: Day of Reckoning,4
,https://www.imdb.com/title/tt0190374/,Movie,3.6,107.0,"Action, Adventure, Fantasy",36166,12/8/00,Courtney Solomon,"New Line Cinema, Silver Pictures, Sweetpea Entertainment, Behaviour Worldwide, MDP Worldwide, Stillking Films",26.209,"Czech Republic, United States of America",en,15185241,179,35000000,2000,Dungeons & Dragons,1
,https://www.imdb.com/title/tt0406728/,TV Movie,4.6,105.0,"Action, Adventure, Fantasy",6253,9/2005,Gerry Lively,"Zinc Entertainment Inc., Skyline Films, Studio Hamburg WorldWide Pictures, Sweetpea Entertainment",27.707,"Germany, United Kingdom, United States of America",en,0,179,0,2005,Dungeons & Dragons: Wrath of the Dragon God,2
,https://www.imdb.com/title/tt1733125/,TV Movie,4.4,90.0,"Action, Adventure, Fantasy",2650,11/24/12,Gerry Lively,"Zinc Entertainment Inc., Bomar OOD",14.443,"Bulgaria, United States of America",en,0,179,12000000,2012,Dungeons & Dragons: The Book of Vile Darkness,3
,https://www.imdb.com/title/tt0412915/,TV Movie,6.2,92.0,"Action, Adventure, Comedy, Drama, Fantasy, Romance, Thriller",21736,12/5/04,Peter Winther,"Electric Entertainment, ApolloProScreen Filmproduktion, Turner Network Television",20.655,United States of America,en,0,180,0,2004,The Librarian: Quest for the Spear,1
,https://www.imdb.com/title/tt0455596/,TV Movie,6.1,92.0,"Action, Adventure, Comedy, Drama, Fantasy, Romance, Thriller",15773,12/3/06,Jonathan Frakes,"Turner Network Television, Electric Entertainment, Blue Sky Films",22.763,United States of America,en,0,180,0,2006,The Librarian: Return to King Solomon's Mines,2
,https://www.imdb.com/title/tt1146438/,TV Movie,6.4,90.0,"Action, Adventure, Comedy, Family, Fantasy, Romance, Sci-Fi, Thriller",14087,12/7/08,Jonathan Frakes,Electric Entertainment,27.045,United States of America,en,0,180,0,2008,The Librarian III: The Curse of the Judas Chalice,3
,https://www.imdb.com/title/tt0403358/,Movie,6.4,114.0,"Action, Fantasy, Horror, Thriller",55293,3/3/06,Timur Bekmambetov,"Cine Ojo, Les",3.096,Argentina,es,0,181,0,2006,Night Watch,1
,https://www.imdb.com/title/tt0409904/,Movie,6.4,132.0,"Action, Fantasy, Horror, Thriller",35329,6/15/07,Timur Bekmambetov,"Bazelevs Production, Tabbak, Channel One",16.871,Russia,ru,42918532,181,4200000,2007,Day Watch,2
,https://www.imdb.com/title/tt0127536/,Movie,7.4,124.0,"Biography, Drama, History",104805,2/19/1999,Shekhar Kapur,"PolyGram Filmed Entertainment, Working Title Films, Channel Four Films",22.527,"United Kingdom, United States of America",en,82150642,182,30000000,1999,Elizabeth,1
,https://www.imdb.com/title/tt0414055/,Movie,6.8,114.0,"Biography, Drama, History, War",74882,10/12/07,Shekhar Kapur,"Universal Pictures, StudioCanal, Working Title Films",19.082,"France, United States of America, United Kingdom",en,74237563,182,55000000,2007,Elizabeth: The Golden Age,2
,https://www.imdb.com/title/tt0241527/,Movie,7.6,152.0,"Adventure, Family, Fantasy",851746,11/16/01,Chris Columbus,"Warner Bros. Pictures, Heyday Films, 1492 Pictures",180.191,"United Kingdom, United States of America",en,976475550,183,125000000,2001,Harry Potter and the Sorcerer's Stone,1
,https://www.imdb.com/title/tt0295297/,Movie,7.4,161.0,"Adventure, Family, Fantasy, Mystery",688669,11/15/02,Chris Columbus,"Warner Bros. Pictures, Heyday Films, 1492 Pictures",191.897,"United Kingdom, United States of America",en,876688482,183,100000000,2002,Harry Potter and the Chamber of Secrets,2
,https://www.imdb.com/title/tt0304141/,Movie,7.9,142.0,"Adventure, Family, Fantasy, Mystery",687563,6/4/04,Alfonso Cuarón,"Warner Bros. Pictures, 1492 Pictures, Heyday Films, P of A Productions Limited",131.388,"United Kingdom, United States of America",en,789804554,183,130000000,2004,Harry Potter and the Prisoner of Azkaban,3
,https://www.imdb.com/title/tt0330373/,Movie,7.7,157.0,"Adventure, Family, Fantasy, Mystery",677882,11/18/05,Mike Newell,"Warner Bros. Pictures, Heyday Films, Patalex IV Productions Limited",118.539,"United Kingdom, United States of America",en,895921036,183,150000000,2005,Harry Potter and the Goblet of Fire,4
,https://www.imdb.com/title/tt0373889/,Movie,7.5,138.0,"Action, Adventure, Family, Fantasy, Mystery",629683,7/11/07,David Yates,"Warner Bros. Pictures, Heyday Films",112.963,"United Kingdom, United States of America",en,938212738,183,150000000,2007,Harry Potter and the Order of the Phoenix,5
,https://www.imdb.com/title/tt0417741/,Movie,7.6,153.0,"Action, Adventure, Family, Fantasy, Mystery",592242,7/15/09,David Yates,"Warner Bros. Pictures, Heyday Films",117.125,"United Kingdom, United States of America",en,933959197,183,250000000,2009,Harry Potter and the Half-Blood Prince,6
,https://www.imdb.com/title/tt0926084/,Movie,7.7,146.0,"Adventure, Family, Fantasy, Mystery",595790,11/19/10,David Yates,"Warner Bros. Pictures, Heyday Films",117.129,"United Kingdom, United States of America",en,954305868,183,250000000,2010,Harry Potter and the Deathly Hallows: Part 1,7
,https://www.imdb.com/title/tt1201607/,Movie,8.1,130.0,"Adventure, Family, Fantasy, Mystery",942874,7/15/11,David Yates,"Warner Bros. Pictures, Heyday Films",125.113,"United Kingdom, United States of America",en,1341511219,183,125000000,2011,Harry Potter and the Deathly Hallows: Part 2,8
,https://www.imdb.com/title/tt0289043/,Movie,7.5,113.0,"Drama, Horror, Sci-Fi, Thriller",442658,6/27/03,Danny Boyle,DNA Films,40.534,United Kingdom,en,85700000,184,8000000,2003,28 Days Later,1
,https://www.imdb.com/title/tt0463854/,Movie,6.9,100.0,"Horror, Sci-Fi",292382,5/11/07,Juan Carlos Fresnadillo,"DNA Films, Figment Films, Sociedad General de Cine S.A., UK Film Council, Fox Atomic, Koan",37.061,"Spain, United Kingdom",en,65100000,184,15000000,2007,28 Weeks Later,2
,https://www.imdb.com/title/tt0382625/,Movie,6.6,149.0,"Mystery, Thriller",457220,5/19/06,Ron Howard,"Imagine Entertainment, Skylark Productions",48.399,United States of America,en,767800000,185,125000000,2006,The Da Vinci Code,1
,https://www.imdb.com/title/tt0808151/,Movie,6.7,138.0,"Action, Mystery, Thriller",308668,5/15/09,Ron Howard,"Columbia Pictures, Imagine Entertainment, Skylark Productions, Panorama Films",70.255,"Italy, United States of America",en,485900000,185,150000000,2009,Angels & Demons,2
,https://www.imdb.com/title/tt0144117/,Movie,7.7,108.0,"Action, Crime, Thriller",249543,1/21/00,Troy Duffy,"Franchise Pictures, Brood Syndicate, B.D.S. Productions Inc., 20th Century Fox",46.567,"Canada, United States of America",en,50000000,186,6000000,2000,The Boondock Saints,1
,https://www.imdb.com/title/tt1300851/,Movie,6.2,118.0,"Action, Crime, Thriller",66709,12/11/09,Troy Duffy,"Stage 6 Films, Chris Brinker Productions",29.0,United States of America,en,10629321,186,8000000,2009,The Boondock Saints II: All Saints Day,2
,https://www.imdb.com/title/tt0092890/,Movie,7.0,100.0,"Drama, Music, Romance",254495,8/21/1987,Emile Ardolino,"Great American Films Limited Partnership, Vestron Pictures",76.021,United States of America,en,214577242,187,6000000,1987,Dirty Dancing,1
,https://www.imdb.com/title/tt0338096/,Movie,5.9,86.0,"Drama, Music, Romance",29413,2/27/04,Guy Ferland,"Lions Gate Films, Miramax, Lawrence Bender Productions, Havana Nights LLC, Artisan Entertainment",19.383,United States of America,en,27685016,187,25000000,2004,Dirty Dancing: Havana Nights,2
,https://www.imdb.com/title/tt0246578/,Movie,8.0,113.0,"Drama, Mystery, Sci-Fi, Thriller",846215,1/19/01,Richard Kelly,"Flower Films, Gaylord Films, Adam Fields Productions, Pandora Cinema",80.846,United States of America,en,7500000,188,4500000,2001,Donnie Darko,1
,https://www.imdb.com/title/tt1231277/,Movie,3.6,103.0,"Drama, Mystery, Sci-Fi, Thriller",14434,8/21/09,Chris Fisher,"Newmarket Capital Group, Adam Fields Productions, Silver Nitrate",16.769,United States of America,en,4100000,188,4000000,2009,S. Darko,2
,https://www.imdb.com/title/tt0345591/,TV Movie,7.2,88.0,"Drama, Family, Romance, Western",6934,4/13/03,Michael Landon Jr.,"Larry Levinson Productions, Hallmark Entertainment, Alpine Medien Productions, Believe Pictures",16.175,United States of America,en,0,189,0,2003,Love Comes Softly,1
,https://www.imdb.com/title/tt0402348/,TV Movie,7.0,120.0,"Drama, Family, Western",3641,11/20/04,Michael Landon Jr.,"Larry Levinson Productions, Alpine Medien Productions, Faith & Values Media, Believe Pictures",15.776,United States of America,en,0,189,0,2004,Love's Enduring Promise,2
,https://www.imdb.com/title/tt0486420/,TV Movie,7.1,120.0,"Drama, Family, Western",2377,12/3/05,Michael Landon Jr.,Believe Pictures,7.562,,en,0,189,0,2005,Love's Long Journey,3
,https://www.imdb.com/title/tt0785025/,Movie,6.8,87.0,"Drama, Family, Western",2039,2010,Michael Landon Jr.,Believe Pictures,7.641,United States of America,en,0,189,0,2010,Love's Abiding Joy,4
,https://www.imdb.com/title/tt0929864/,TV Movie,6.9,90.0,"Drama, Family, Romance, Western",1738,4/7/07,Mark Griffiths,"Believe Pictures, Alpine Medien Productions, Larry Levinson Productions, RHI Entertainment",14.214,United States of America,en,0,190,0,2007,Love's Unending Legacy,1
,https://www.imdb.com/title/tt0960143/,TV Movie,6.9,90.0,"Drama, Family, Western",1430,12/15/07,Harvey Frost,"Larry Levinson Productions, RHI Entertainment, Alpine Medien Productions, Believe Pictures",6.638,United States of America,en,0,190,0,2007,Love's Unfolding Dream,2
,https://www.imdb.com/title/tt0259324/,Movie,5.3,110.0,"Action, Fantasy, Thriller",251350,2/16/07,Mark Steven Johnson,"Crystal Sky Pictures, Relativity Media, Columbia Pictures, Marvel Studios, Canarsie",45.206,United States of America,en,228738393,191,110000000,2007,Ghost Rider,1
,https://www.imdb.com/title/tt1071875/,Movie,4.3,96.0,"Action, Fantasy, Thriller",125798,2/17/12,"Mark Neveldine, Brian Taylor","Columbia Pictures, Crystal Sky Pictures, Michael De Luca Productions, Hyde Park Films, Arad Productions, Imagenation Abu Dhabi FZ",51.521,"United Arab Emirates, United States of America",en,132563930,191,57000000,2012,Ghost Rider: Spirit of Vengeance,2
,https://www.imdb.com/title/tt0070047/,Movie,8.1,122.0,Horror,452390,12/26/1973,William Friedkin,"Hoya Productions, Warner Bros. Pictures, Warner Bros.",54.648,United States of America,en,441400000,192,12000000,1973,The Exorcist,1
,https://www.imdb.com/title/tt0076009/,Movie,3.8,117.0,Horror,28165,6/17/1977,"John Boorman, Rospo Pallenberg",Warner Bros. Pictures,38.164,United States of America,en,30800000,192,14000000,1977,Exorcist II: The Heretic,2
,https://www.imdb.com/title/tt0099528/,Movie,6.5,110.0,"Drama, Horror, Mystery",38525,8/17/1990,William Peter Blatty,Morgan Creek Entertainment,26.886,United States of America,en,39000000,193,9300000,1990,The Exorcist III,1
,https://www.imdb.com/title/tt0204313/,Movie,5.1,114.0,"Horror, Mystery, Thriller",39656,8/20/04,Renny Harlin,"Dominion Productions, Morgan Creek Entertainment",23.204,United States of America,en,78000586,193,80000000,2004,Exorcist: The Beginning,2
,https://www.imdb.com/title/tt0449086/,Movie,5.1,117.0,"Drama, Horror, Thriller",13459,8/1/05,Paul Schrader,Morgan Creek Entertainment,20.471,United States of America,en,252000,193,30000000,2005,Dominion: Prequel to the Exorcist,3
,https://www.imdb.com/title/tt1320244/,Movie,5.7,87.0,"Horror, Mystery, Thriller",51971,8/27/10,Daniel Stamm,"Strike Entertainment, StudioCanal, Arcade Pictures",28.883,"United States of America, France",en,69400000,193,1800000,2010,The Last Exorcism,4
,https://www.imdb.com/title/tt0120902/,Movie,7.0,121.0,"Drama, Mystery, Sci-Fi, Thriller",109889,6/19/1998,Rob Bowman,"Ten Thirteen Productions, 20th Century Fox",32.568,"United States of America, Canada",en,189198313,194,66000000,1998,The X Files,1
,https://www.imdb.com/title/tt0443701/,Movie,5.9,104.0,"Crime, Drama, Horror, Mystery, Sci-Fi, Thriller",93845,7/25/08,Chris Carter,"Ten Thirteen Productions, Dune Entertainment III, Crying Box Productions, 20th Century Fox",21.306,"Canada, United States of America",en,69363381,194,30000000,2008,The X Files: I Want to Believe,2
,https://www.imdb.com/title/tt0228786/,Movie,6.9,106.0,"Crime, Mystery, Thriller",65413,7/13/01,Mathieu Kassovitz,"Gaumont, Légende Films, TF1 Films Production, Canal+",20.166,France,fr,0,195,2365000,2001,The Crimson Rivers,1
,https://www.imdb.com/title/tt0337103/,Movie,5.9,100.0,"Action, Crime, Mystery, Thriller",21640,2/18/04,Olivier Dahan,"Studio Légende, Filmauro, Epica Ltd., Canal+, TF1 Films Production, EuropaCorp",23.11,"France, United Kingdom, Italy",fr,40152148,195,0,2004,Crimson Rivers 2: Angels of the Apocalypse,2
,https://www.imdb.com/title/tt0108500/,Movie,7.0,107.0,"Comedy, Fantasy",37800,7/12/1996,Jean-Marie Poiré,,2.705,United States of America,en,0,196,0,1996,The Visitors,1
,https://www.imdb.com/title/tt0120882/,Movie,6.1,118.0,"Comedy, Fantasy",13212,3/27/1998,Jean-Marie Poiré,"Gaumont, CNC, Canal+, France 3 Cinéma",20.814,France,fr,66000000,196,23030000,1998,The Visitors II: The Corridors of Time,2
,https://www.imdb.com/title/tt0266308/,Movie,7.5,114.0,"Action, Adventure, Drama, Thriller",193706,12/16/00,Kinji Fukasaku,"Toei Company, WOWOW, AM Associates, Kobi, Nippan Group Holdings, MF Pictures, GAGA Communications",25.065,Japan,ja,30600000,197,4500000,2000,Battle Royale,1
,https://www.imdb.com/title/tt0338763/,Movie,4.6,155.0,"Action, Adventure, Drama, Thriller",21379,7/5/03,"Kenta Fukasaku, Kinji Fukasaku","Fukasaku-gumi, Toei Company, TV Asahi, WOWOW, SEGA, Toei Video Company, Toei Advertising, Tokyo FM, Nippan Group Holdings, GAGA Communications",28.501,Japan,ja,14902587,197,9080000,2003,Battle Royale II,2
,https://www.imdb.com/title/tt0086425/,Movie,7.4,132.0,"Comedy, Drama",65134,12/9/1983,James L. Brooks,Paramount,37.506,United States of America,en,108423749,198,8000000,1983,Terms of Endearment,1
,https://www.imdb.com/title/tt0116240/,Movie,5.9,129.0,"Comedy, Drama, Romance",4976,12/25/1996,Robert Harling,"Paramount, Rysher Entertainment",15.236,United States of America,en,12767815,198,0,1996,The Evening Star,2
,https://www.imdb.com/title/tt0366548/,Movie,6.4,108.0,"Animation, Adventure, Comedy, Family, Music, Musical, Romance",199156,11/17/06,"George Miller, Warren Coleman, Judy Morris","Kennedy Miller Productions, Animal Logic, Village Roadshow Pictures",61.864,"Australia, United States of America",en,384335608,199,100000000,2006,Happy Feet,1
,https://www.imdb.com/title/tt1402488/,Movie,5.8,100.0,"Animation, Adventure, Comedy, Family, Music, Musical, Romance",47514,11/18/11,"George Miller, Gary Eck, David Peers","Warner Bros. Pictures, Village Roadshow Pictures, Kennedy Miller Mitchell, Dr. D. Studios",50.269,"Australia, United States of America",en,150406466,199,130000000,2011,Happy Feet Two,2
,https://www.imdb.com/title/tt0088011/,Movie,6.9,106.0,"Action, Adventure, Comedy, Romance",102731,3/30/1984,Robert Zemeckis,"SLM Production Group, Nina Saxon Film Design, El Corazon Producciones S.A., 20th Century Fox",28.733,"Mexico, United States of America",en,86572238,200,10000000,1984,Romancing the Stone,1
,https://www.imdb.com/title/tt0089370/,Movie,6.1,106.0,"Action, Adventure, Comedy, Romance",62174,12/11/1985,Lewis Teague,"SLM Production Group, Stone Group Pictures, 20th Century Fox",21.681,United States of America,en,96800000,200,25000000,1985,The Jewel of the Nile,2
,https://www.imdb.com/title/tt0097778/,Movie,5.9,93.0,Comedy,86642,10/13/1989,Amy Heckerling,"Management Company Entertainment Group (MCEG), Hollywood Licensing Group, TriStar Pictures",27.935,United States of America,en,297000000,202,7500000,1989,Look Who's Talking,1
,https://www.imdb.com/title/tt0100050/,Movie,4.7,81.0,"Comedy, Family, Romance",48708,12/14/1990,Amy Heckerling,"TriStar Pictures, Big Mouth Productions",25.594,United States of America,en,120900000,202,12000000,1990,Look Who's Talking Too,2
,https://www.imdb.com/title/tt0107438/,Movie,4.4,96.0,"Comedy, Family, Romance",30855,11/5/1993,Tom Ropelewski,TriStar Pictures,19.037,United States of America,en,10300000,202,22000000,1993,Look Who's Talking Now,3
,https://www.imdb.com/title/tt0250494/,Movie,6.5,96.0,"Comedy, Romance",245838,7/13/01,Robert Luketic,"Metro-Goldwyn-Mayer, Marc Platt Productions",47.783,United States of America,en,141774679,441,18000000,2001,Legally Blonde,1
,https://www.imdb.com/title/tt0333780/,Movie,4.8,95.0,Comedy,72368,7/2/03,Charles Herman-Wurmfeld,"Metro-Goldwyn-Mayer, Marc Platt Productions, Type A Films",45.997,United States of America,en,124914842,441,45000000,2003,"Legally Blonde 2: Red, White & Blonde",2
,https://www.imdb.com/title/tt0144084/,Movie,7.6,102.0,"Crime, Drama, Horror",708568,4/14/00,Mary Harron,"Lionsgate, Pressman Film, Muse Productions, Am Psycho Productions",78.35,"Canada, United States of America",en,34300000,203,7000000,2000,American Psycho,1
,https://www.imdb.com/title/tt0283877/,Video,3.7,88.0,"Horror, Thriller",17759,6/10/02,Morgan J. Freeman,"Lions Gate Films, Lionsgate",31.107,United States of America,en,0,203,10000000,2002,American Psycho II: All American Girl,2
,https://www.imdb.com/title/tt0267913/,Movie,5.3,86.0,"Adventure, Comedy, Family, Fantasy, Mystery",124822,6/14/02,Raja Gosnell,"Mosaic Media Group, Warner Bros. Pictures",53.148,United States of America,en,275650703,205,84000000,2002,Scooby-Doo,1
,https://www.imdb.com/title/tt0331632/,Movie,5.2,93.0,"Adventure, Comedy, Family, Fantasy, Horror, Mystery, Sci-Fi",64469,3/26/04,Raja Gosnell,"Mosaic Media Group, Warner Bros. Pictures",27.463,United States of America,en,181466833,205,80000000,2004,Scooby-Doo 2: Monsters Unleashed,2
,https://www.imdb.com/title/tt0099785/,Movie,7.7,103.0,"Comedy, Family",650316,11/16/1990,Chris Columbus,"Hughes Entertainment, 20th Century Fox",2.758,United States of America,en,476684675,206,18000000,1990,Home Alone,1
,https://www.imdb.com/title/tt0104431/,Movie,6.9,120.0,"Adventure, Comedy, Crime, Family",400826,11/20/1992,Chris Columbus,"20th Century Fox, Hughes Entertainment",91.496,United States of America,en,358994850,206,18000000,1992,Home Alone 2: Lost in New York,2
,https://www.imdb.com/title/tt0119303/,Movie,4.6,102.0,"Action, Comedy, Crime, Family",126870,12/12/1997,Raja Gosnell,"20th Century Fox, Hughes Entertainment",35.434,United States of America,en,79082515,206,32000000,1997,Home Alone 3,3
,https://www.imdb.com/title/tt0329200/,TV Episode,2.6,84.0,"Adventure, Comedy, Drama, Family, Fantasy",39420,11/3/02,Rod Daniel,"20th Century Fox Television, Fox Television Studios",38.072,United States of America,en,0,206,0,2002,Home Alone 4: Taking Back the House,4
,https://www.imdb.com/title/tt0112453/,Movie,7.1,78.0,"Animation, Adventure, Drama, Family, History",47894,12/22/1995,Simon Wells,"Amblin Entertainment, Amblimation, Universal Pictures",29.148,United States of America,en,11348324,208,31000000,1995,Balto,1
,https://www.imdb.com/title/tt0281634/,Video,6.0,76.0,"Animation, Adventure, Family, Fantasy",5365,2/19/02,Phil Weinstein,"Universal Pictures, Universal Cartoon Studios",20.449,United States of America,en,0,208,0,2002,Balto: Wolf Quest,2
,https://www.imdb.com/title/tt0423849/,Video,6.1,76.0,"Animation, Adventure, Family, Musical",3464,9/30/04,Phil Weinstein,Universal Cartoon Studios,19.642,United States of America,en,0,208,0,2004,Balto III: Wings of Change,3
,https://www.imdb.com/title/tt1259014/,Movie,7.5,113.0,"Action, Biography, Crime, Drama, Thriller",35208,10/22/08,Jean-François Richet,"Remstar Productions, Novo RPI, La Petite Reine",25.583,"Canada, France, Italy",fr,31055440,209,0,2008,Mesrine: Killer Instinct,1
,https://www.imdb.com/title/tt0411272/,Movie,7.4,133.0,"Action, Biography, Crime, Drama, Thriller",31154,11/19/08,Jean-François Richet,"Remstar Productions, La Petite Reine",16.062,"Canada, France",fr,0,209,80000000,2008,Mesrine: Public Enemy No. 1,2
,https://www.imdb.com/title/tt0068655/,Movie,7.2,90.0,"Comedy, Mystery",9187,8/30/1973,Yves Robert,"Madeleine Films, Gaumont, Les Productions de la Guéville",12.841,France,fr,0,210,0,1973,The Tall Blond Man with One Black Shoe,1
,https://www.imdb.com/title/tt0072080/,Movie,6.6,84.0,Comedy,4052,12/18/1974,Yves Robert,Gaumont,12.907,France,fr,0,210,0,1974,The Return of the Tall Blond Man,2
,https://www.imdb.com/title/tt0972558/,Movie,5.1,115.0,"Action, Adventure, Sci-Fi",5763,12/18/08,Fedor Bondarchuk,Automatic Media,3.121,United States of America,en,0,211,750000,2008,Dark Planet,1
,https://www.imdb.com/title/tt1399952/,Movie,5.0,105.0,"Action, Adventure, Sci-Fi",2817,4/23/09,Fedor Bondarchuk,"Telekanal STS, Art Pictures Studio, Non-Stop Productions, Premiere Stealth Rights",17.006,Russia,ru,21834845,211,36500000,2009,Dark Planet: Rebellion,2
,https://www.imdb.com/title/tt0976209/,Movie,5.1,100.0,"Comedy, Fantasy, Romance",1407,3/1/07,Aleksandr Strizhenov,Real Dakota,3.08,Russia,ru,0,212,0,2007,Lyubov-Morkov,1
,https://www.imdb.com/title/tt1414840/,Movie,4.8,100.0,"Comedy, Fantasy",781,12/23/08,Maksim Pezhemskiy,"Real Dakota, Interfest",2.343,Russia,ru,17850711,212,3000000,2008,Lyubov 2 Morkov,2
,https://www.imdb.com/title/tt1666169/,Movie,3.8,100.0,Comedy,527,3/3/11,Sergey Ginzburg,"Реал-Дакота, Real Dakota, Fox International Productions Russia",3.19,Russia,ru,0,212,4000000,2011,Love-Carrot 3,3
,https://www.imdb.com/title/tt0459924/,Movie,4.9,88.0,"Action, Sci-Fi, Thriller",2168,2/22/07,Mikhail Khleborodov,"Stimul M Production, MB Productions",4.387,Russia,ru,0,214,0,2007,Paragraf 78,1
,https://www.imdb.com/title/tt1097014/,Movie,4.9,90.0,"Action, Sci-Fi, Thriller",1078,3/23/07,Mikhail Khleborodov,,2.549,,ru,2754691,214,10000000,2007,Paragraf 78 - Film vtoroy,2
,https://www.imdb.com/title/tt0325005/,Movie,5.5,114.0,"Action, Crime",1699,8/1/02,Egor Konchalovskiy,"Central Partnership, Golden Key Entertainment, MB Productions, Russian Television and Radio Broadcasting Company",6.189,Russia,ru,340312,215,5000000,2002,Antikiller,1
,https://www.imdb.com/title/tt0405699/,Movie,5.1,89.0,"Action, Crime",741,2004,Egor Konchalovskiy,,1.838,Russia,ru,2685000,215,0,2004,Antikiller 2: Antiterror,2
,https://www.imdb.com/title/tt1532261/,Movie,5.7,96.0,Action,549,12/3/09,Eldar Salavatov,,3.17,Russia,ru,2141028,215,2500000,2009,Antikiller D.K.,3
,https://www.imdb.com/title/tt0233657/,TV Movie,4.8,96.0,"Sci-Fi, Thriller",2570,11/24/01,Matt Codd,"Epoch Productions, Unified Film Organization",9.394,United States of America,en,0,217,0,2001,Epoch,1
,https://www.imdb.com/title/tt0374286/,TV Movie,4.2,94.0,"Action, Mystery, Sci-Fi, Thriller",682,11/29/03,Ian Watson,Unified Film Organization,3.246,United States of America,en,0,217,0,2003,Epoch: Evolution,2
,https://www.imdb.com/title/tt0091949/,Movie,6.6,98.0,"Comedy, Family, Sci-Fi",66053,5/9/1986,John Badham,"TriStar Pictures, PSO, The Turman-Foster Company",31.14,United States of America,en,40697761,218,10000000,1986,Short Circuit,1
,https://www.imdb.com/title/tt0096101/,Movie,5.7,110.0,"Comedy, Drama, Family, Sci-Fi",26756,7/6/1988,Kenneth Johnson,"TriStar Pictures, The Turman-Foster Company",24.335,United States of America,en,21600000,218,10000000,1988,Short Circuit 2,2
,https://www.imdb.com/title/tt0960790/,Movie,6.5,116.0,"Comedy, Romance",18602,12/20/07,Til Schweiger,"Barefoot Films, Warner Bros. Entertainment Germany",11.328,Germany,de,81303447,219,0,2007,Rabbit Without Ears,1
,https://www.imdb.com/title/tt1343755/,Movie,5.6,124.0,"Comedy, Romance",8523,12/3/09,"Til Schweiger, Torsten Künstler","Barefoot Films, Warner Bros. Entertainment Germany, Seven Pictures Film, Warner Bros.",10.212,Germany,de,48720000,219,0,2009,Rabbit Without Ears 2,2
,https://www.imdb.com/title/tt0098084/,Movie,6.5,103.0,"Fantasy, Horror, Thriller",114415,4/21/1989,Mary Lambert,Paramount,52.542,United States of America,en,57500000,220,11500000,1989,Pet Sematary,1
,https://www.imdb.com/title/tt0105128/,Movie,4.9,100.0,"Fantasy, Horror, Thriller",23363,8/28/1992,Mary Lambert,"Paramount, Columbus Circle Films",34.55,United States of America,en,17092453,220,8000000,1992,Pet Sematary II,2
,https://www.imdb.com/title/tt0072281/,Movie,7.1,106.0,"Action, Adventure, Romance",20062,3/29/1974,Richard Lester,"Film Trust S.A., 20th Century Fox, Alexander, Michael and Ilya Salkind Productions",27.298,"Spain, United Kingdom, United States of America",en,22018000,221,0,1974,The Three Musketeers,1
,https://www.imdb.com/title/tt0073012/,Movie,6.9,108.0,"Action, Adventure, Romance",11664,2/26/1975,Richard Lester,"Film Trust S.A., Este Films, Alexander, Michael and Ilya Salkind Productions, 20th Century Fox",24.246,"Spain, United Kingdom, United States of America",en,0,221,0,1975,The Four Musketeers: Milady's Revenge,2
,https://www.imdb.com/title/tt1648216/,Movie,6.8,118.0,"Action, Drama, Romance",28727,12/3/10,Fernando González Molina,Atresmedia,64.026,Spain,es,0,221,0,2010,Three Steps Above Heaven,3
,https://www.imdb.com/title/tt1797504/,Movie,6.8,120.0,"Drama, Romance",16519,6/22/12,Fernando González Molina,"Zeta Studios, Atresmedia",56.488,Spain,es,24016152,221,0,2012,I Want You,4
,https://www.imdb.com/title/tt0091064/,Movie,7.6,96.0,"Drama, Horror, Sci-Fi",200704,8/15/1986,David Cronenberg,"SLM Production Group, Brooksfilms",38.722,"Canada, United Kingdom, United States of America",en,60629159,222,15000000,1986,The Fly,1
,https://www.imdb.com/title/tt0097368/,Movie,5.1,105.0,"Drama, Horror, Sci-Fi",24619,2/10/1989,Chris Walas,"Brooksfilms, 20th Century Fox",23.942,"Canada, United States of America",en,38900000,222,16500000,1989,The Fly II,2
,https://www.imdb.com/title/tt0120812/,Movie,7.0,98.0,"Action, Comedy, Crime, Thriller",292940,9/18/1998,Brett Ratner,"Roger Birnbaum Productions, New Line Cinema, Caravan Pictures",66.528,United States of America,en,244721064,223,33000000,1998,Rush Hour,1
,https://www.imdb.com/title/tt0266915/,Movie,6.7,90.0,"Action, Comedy, Crime, Thriller",237773,8/3/01,Brett Ratner,"New Line Cinema, Roger Birnbaum Productions",48.912,United States of America,en,347325802,223,90000000,2001,Rush Hour 2,2
,https://www.imdb.com/title/tt0293564/,Movie,6.2,91.0,"Action, Comedy, Crime, Thriller",182320,8/10/07,Brett Ratner,"New Line Cinema, Roger Birnbaum Productions, Arthur Sarkissian Productions, Unlike Film Productions",81.702,United States of America,en,258097122,223,140000000,2007,Rush Hour 3,3
,https://www.imdb.com/title/tt0087928/,Movie,6.7,96.0,Comedy,136617,3/23/1984,Hugh Wilson,"The Ladd Company, Warner Bros. Pictures, Warner Bros.",57.463,United States of America,en,81198894,224,4500000,1984,Police Academy,1
,https://www.imdb.com/title/tt0089822/,Movie,5.8,87.0,Comedy,58932,3/29/1985,"Jerry Paris, James Signorelli","The Ladd Company, Warner Bros. Pictures",49.375,United States of America,en,55600000,224,7600000,1985,Police Academy 2: Their First Assignment,2
,https://www.imdb.com/title/tt0091777/,Movie,5.4,83.0,Comedy,48431,3/21/1986,Jerry Paris,"Police Academy Productions, Warner Bros. Pictures",39.112,United States of America,en,107600000,224,12000000,1986,Police Academy 3: Back in Training,3
,https://www.imdb.com/title/tt0093756/,Movie,5.0,88.0,"Comedy, Crime",45559,4/3/1987,Jim Drake,Warner Bros. Pictures,31.545,United States of America,en,76800000,224,17000000,1987,Police Academy 4: Citizens on Patrol,4
,https://www.imdb.com/title/tt0095882/,Movie,4.6,90.0,"Comedy, Crime",38215,3/18/1988,Alan Myerson,Warner Bros. Pictures,36.433,United States of America,en,19510371,224,0,1988,Police Academy 5: Assignment: Miami Beach,5
,https://www.imdb.com/title/tt0098105/,Movie,4.4,84.0,"Comedy, Crime",33044,3/10/1989,Peter Bonerz,Warner Bros. Pictures,29.777,United States of America,en,33200000,224,15000000,1989,Police Academy 6: City Under Siege,6
,https://www.imdb.com/title/tt0110857/,Movie,3.5,83.0,"Comedy, Crime",36054,8/26/1994,Alan Metter,"Warner Bros. Pictures, Studio Trite",36.806,"Russia, United States of America",en,126247,224,10000000,1994,Police Academy: Mission to Moscow,7
,https://www.imdb.com/title/tt1179904/,Movie,6.3,86.0,"Horror, Mystery",255166,10/16/09,Oren Peli,"Blumhouse Productions, Solana Films",47.201,United States of America,en,193355800,226,215000,2009,Paranormal Activity,1
,https://www.imdb.com/title/tt1536044/,Movie,5.7,91.0,"Horror, Mystery",109531,10/22/10,Tod Williams,"Paramount, Blumhouse Productions, Solana Films, Room 101",36.053,United States of America,en,177512032,226,3000000,2010,Paranormal Activity 2,2
,https://www.imdb.com/title/tt1778304/,Movie,5.8,83.0,"Horror, Mystery, Thriller",99457,10/21/11,"Henry Joost, Ariel Schulman","Paramount, Blumhouse Productions, Solana Films, Room 101",31.935,United States of America,en,207039844,226,5000000,2011,Paranormal Activity 3,3
,https://www.imdb.com/title/tt2109184/,Movie,4.6,88.0,"Horror, Mystery",70010,10/19/12,"Henry Joost, Ariel Schulman","Room 101, Paramount, Blumhouse Productions, Solana Films",31.427,"United States of America, Australia",en,142802657,226,5000000,2012,Paranormal Activity 4,4
,https://www.imdb.com/title/tt0066999/,Movie,7.7,102.0,"Action, Crime, Thriller",167581,12/23/1971,"Don Siegel, Clint Eastwood","Warner Bros. Pictures, Malpaso Productions",45.153,United States of America,en,35976000,227,4000000,1971,Dirty Harry,1
,https://www.imdb.com/title/tt0070355/,Movie,7.2,124.0,"Action, Crime, Mystery, Thriller",66295,12/25/1973,Ted Post,"Warner Bros. Pictures, Malpaso Productions",43.432,United States of America,en,39768000,227,0,1973,Magnum Force,2
,https://www.imdb.com/title/tt0086383/,Movie,6.6,117.0,"Action, Crime, Thriller",48398,12/9/1983,Clint Eastwood,"Warner Bros. Pictures, Malpaso Productions",26.155,United States of America,en,150000000,227,22000000,1983,Sudden Impact,3
,https://www.imdb.com/title/tt0094963/,Movie,6.3,91.0,"Action, Crime, Mystery, Thriller",48737,7/13/1988,Buddy Van Horn,"Malpaso Productions, Warner Bros. Pictures",33.031,United States of America,en,37900000,227,20000000,1988,The Dead Pool,4
,https://www.imdb.com/title/tt0074483/,Movie,6.7,96.0,"Action, Crime, Thriller",48922,12/22/1976,James Fargo,"Warner Bros. Pictures, Malpaso Productions",22.212,United States of America,en,46236000,228,9000000,1976,The Enforcer,5
,https://www.imdb.com/title/tt0475394/,Movie,6.6,108.0,"Action, Comedy, Crime, Drama, Thriller",151705,1/26/07,Joe Carnahan,"Universal Pictures, Working Title Films, StudioCanal, Relativity Media, Scion Films, Working Title Films",33.481,"France, United Kingdom, United States of America, Canada",en,57103895,228,17000000,2007,Smokin' Aces,1
,https://www.imdb.com/title/tt1319743/,Video,5.0,86.0,"Action, Comedy, Crime, Thriller",14271,1/19/10,P.J. Pesce,"Universal Studios Home Entertainment, Always Split Aces Productions, Working Title Films, Capital Arts Entertainment",19.583,"United States of America, Canada",en,0,228,8000000,2010,Smokin' Aces 2: Assassins' Ball,2
,https://www.imdb.com/title/tt0105690/,Movie,6.5,103.0,"Action, Thriller",95008,10/9/1992,Andrew Davis,"Regency Enterprises, Warner Bros. Pictures, Alcor Films, Arnon Milchan Productions, Le Studio Canal+, Warner Bros.",34.8,"France, United States of America",en,156563139,229,35000000,1992,Under Siege,1
,https://www.imdb.com/title/tt0114781/,Movie,5.5,100.0,"Action, Adventure, Thriller",49951,7/14/1995,Geoff Murphy,"Regency Enterprises, Seagal/Nasso Productions, Cutting Edge Films, Warner Bros. Pictures, JVC",32.23,United States of America,en,104324083,229,60000000,1995,Under Siege 2: Dark Territory,2
,https://www.imdb.com/title/tt0452608/,Movie,6.4,105.0,"Action, Sci-Fi, Thriller",218323,8/22/08,Paul W.S. Anderson,"Impact Pictures, Universal Pictures, Relativity Media, Cruise/Wagner Productions, H2S2 Filmproduktionsgesellschaft, Scion Films",43.834,"United Kingdom, United States of America, Germany",en,76000000,442,45000000,2008,Death Race,1
,https://www.imdb.com/title/tt1500491/,Video,5.6,96.0,"Action, Crime, Sci-Fi, Thriller",34545,1/18/11,Roel Reiné,"Moonlighting Films, CC Capital Arts Entertainment SRL",41.631,"South Africa, Germany",en,0,442,7000000,2011,Death Race 2,2
,https://www.imdb.com/title/tt1988591/,Video,5.4,104.0,"Action, Crime, Sci-Fi, Thriller",21080,1/20/13,Roel Reiné,"Moonlighting Films, CC Capital Arts Entertainment SRL",53.079,United States of America,en,0,442,6500000,2013,Death Race 3: Inferno,3
,https://www.imdb.com/title/tt0480239/,Movie,5.6,97.0,"Drama, Mystery, Sci-Fi",14291,4/15/11,Paul Johansson,Harmon Kaslow & John Aglialoro Productions,11.732,United States of America,en,4600000,230,20000000,2011,Atlas Shrugged: Part I,1
,https://www.imdb.com/title/tt1985017/,Movie,5.3,111.0,"Drama, Mystery, Sci-Fi",7623,10/12/12,John Putch,Atlas Distribution Company,23.529,United States of America,en,3300000,230,10000000,2012,Atlas Shrugged II: The Strike,2
,https://www.imdb.com/title/tt0368891/,Movie,6.9,131.0,"Action, Adventure, Mystery, Thriller",353560,11/19/04,Jon Turteltaub,"Walt Disney Pictures, Jerry Bruckheimer Films, Saturn Films, Junction Entertainment",57.749,United States of America,en,347500000,231,100000000,2004,National Treasure,1
,https://www.imdb.com/title/tt0465234/,Movie,6.5,124.0,"Action, Adventure, Mystery, Thriller",252610,12/21/07,Jon Turteltaub,"Walt Disney Pictures, Jerry Bruckheimer Films, Saturn Films, Junction Entertainment, Sparkler Entertainment, NT2 Productions",48.902,United States of America,en,459200000,231,130000000,2007,National Treasure: Book of Secrets,2
,https://www.imdb.com/title/tt1119646/,Movie,7.7,100.0,Comedy,840939,6/5/09,Todd Phillips,"Legendary Pictures, Green Hat Films, Warner Bros. Pictures",100.106,"Germany, United States of America",en,469310836,232,35000000,2009,The Hangover,1
,https://www.imdb.com/title/tt1411697/,Movie,6.5,102.0,Comedy,532088,5/26/11,Todd Phillips,"Legendary Pictures, Green Hat Films, Warner Bros. Pictures",57.951,United States of America,en,586764305,232,80000000,2011,The Hangover Part II,2
,https://www.imdb.com/title/tt1951261/,Movie,5.8,100.0,"Comedy, Crime",333991,5/23/13,Todd Phillips,"Green Hat Films, Legendary Pictures, BenderSpink",60.558,United States of America,en,362000072,232,103000000,2013,The Hangover Part III,3
,https://www.imdb.com/title/tt0205000/,Movie,5.7,88.0,"Comedy, Romance",79668,12/10/1999,Mike Mitchell,"Quinta Communications, Touchstone Pictures, Happy Madison Productions",44.358,United States of America,en,65500000,233,17000000,1999,Deuce Bigalow: Male Gigolo,1
,https://www.imdb.com/title/tt0367652/,Movie,4.7,83.0,Comedy,53241,8/12/05,Mike Bigelow,"Out of the Blue... Entertainment, Columbia Pictures, Happy Madison Productions",30.945,United States of America,en,22400000,233,22000000,2005,Deuce Bigalow: European Gigolo,2
,https://www.imdb.com/title/tt0089155/,Movie,6.9,98.0,"Comedy, Crime, Mystery",57521,5/31/1985,Michael Ritchie,Universal Pictures,19.245,United States of America,en,59612888,234,8000000,1985,Fletch,1
,https://www.imdb.com/title/tt0097366/,Movie,6.1,95.0,"Comedy, Crime, Mystery",23149,3/17/1989,Michael Ritchie,"Universal Pictures, Vincent Pictures, Cornelius Productions",20.623,United States of America,en,35150960,234,8045760,1989,Fletch Lives,2
,https://www.imdb.com/title/tt0317248/,Movie,8.6,130.0,"Crime, Drama",797116,2/13/04,"Fernando Meirelles, Kátia Lund","O2 Filmes, VideoFilmes, Wild Bunch, Hank Levine Film, Globo Filmes, Lumière, Lei do Audiovisual Ministério da Cultura Audiovisual",53.669,"Brazil, France, Germany",pt,30641770,235,3300000,2004,City of God,1
,https://www.imdb.com/title/tt0870090/,Movie,7.2,106.0,"Crime, Drama",16259,8/31/07,Paulo Morelli,"Globo Filmes, O2 Filmes, Petrobrás, 20th Century Fox Brazil",12.633,Brazil,pt,307076,235,0,2007,City of Men,2
,https://www.imdb.com/title/tt0861739/,Movie,8.0,115.0,"Action, Crime, Drama, Thriller",109655,10/12/07,José Padilha,"Universal Pictures do Brasil, The Weinstein Company, Zazen Produções, Estúdios Mega, Quanta Centro de Produções Cinematográficas, Costa Films, Posto 9, Feijão Filmes",46.889,Brazil,pt,14759148,236,4000000,2007,Elite Squad,1
,https://www.imdb.com/title/tt1555149/,Movie,8.0,115.0,"Action, Crime, Drama, Thriller",86440,10/8/10,José Padilha,"Feijão Filmes, Zazen Produções, Globo Filmes, RioFilme",35.431,Brazil,pt,63027681,236,0,2010,Elite Squad 2: The Enemy Within,2
,https://www.imdb.com/title/tt1250777/,Movie,7.6,117.0,"Action, Comedy, Crime",590987,4/16/10,Matthew Vaughn,"Marv, Lionsgate, Plan B Entertainment, Mandate International",46.943,"United Kingdom, United States of America",en,96188903,237,28000000,2010,Kick-Ass,1
,https://www.imdb.com/title/tt1650554/,Movie,6.5,103.0,"Action, Comedy, Crime, Thriller",287265,8/16/13,Jeff Wadlow,"Marv, Universal Pictures, dentsu, Plan B Entertainment",37.027,"United Kingdom, United States of America",en,60700000,237,28000000,2013,Kick-Ass 2,2
,https://www.imdb.com/title/tt1245526/,Movie,7.0,111.0,"Action, Comedy, Crime, Thriller",323135,10/15/10,Robert Schwentke,"di Bonaventura Pictures, DC Comics, Summit Entertainment",54.736,"Canada, United States of America",en,199000000,238,58000000,2010,RED,1
,https://www.imdb.com/title/tt1821694/,Movie,6.6,116.0,"Action, Comedy, Crime, Thriller",180163,7/19/13,Dean Parisot,"di Bonaventura Pictures, Summit Entertainment, DC Comics, DC Entertainment, Saints LA, NeoReel, Etalon-Film",63.138,"Canada, France, United States of America",en,148100000,238,84000000,2013,RED 2,2
,https://www.imdb.com/title/tt0134119/,Movie,7.4,139.0,"Crime, Drama, Thriller",236410,12/25/1999,Anthony Minghella,"Miramax, Paramount, Mirage Enterprises, Timnick Films",34.999,United States of America,en,128798265,239,40000000,1999,The Talented Mr. Ripley,1
,https://www.imdb.com/title/tt0265651/,Movie,6.6,110.0,"Crime, Drama, Mystery, Thriller",19240,2/7/03,Liliana Cavani,"Mr. Mudd Production, Baby Films, Cattleya",18.737,"United Kingdom, United States of America, Italy",en,6200000,239,30000000,2003,Ripley's Game,2
,https://www.imdb.com/title/tt0219171/,Movie,6.0,101.0,"Crime, Drama, Thriller",2745,10/31/07,Roger Spottiswoode,"MACT Productions, Cinerenta Medienbeteiligungs KG, Isle of Man Film",9.226,"United Kingdom, Germany, France",en,0,239,0,2007,Ripley Under Ground,3
,https://www.imdb.com/title/tt0082340/,Movie,7.1,99.0,"Action, Adventure, Sci-Fi",156407,7/10/1981,John Carpenter,"AVCO Embassy Pictures, Goldcrest, International Film Investors, City Films",53.563,"United Kingdom, United States of America",en,50244700,240,6000000,1981,Escape from New York,1
,https://www.imdb.com/title/tt0116225/,Movie,5.7,101.0,"Action, Adventure, Sci-Fi, Thriller",80178,8/9/1996,John Carpenter,"Paramount, Rysher Entertainment",28.524,United States of America,en,42277365,240,50000000,1996,Escape from L.A.,2
,https://www.imdb.com/title/tt0104692/,Movie,5.4,108.0,"Horror, Sci-Fi",38829,3/6/1992,Brett Leonard,"Allied Vision, New Line Cinema",22.75,"United Kingdom, Japan, United States of America",en,32100816,241,10000000,1992,The Lawnmower Man,1
,https://www.imdb.com/title/tt0116839/,Movie,2.6,93.0,"Action, Sci-Fi, Thriller",10250,1/12/1996,Farhad Mann,New Line Cinema,18.508,United States of America,en,2409225,241,15000000,1996,Lawnmower Man 2: Beyond Cyberspace,2
,https://www.imdb.com/title/tt0097523/,Movie,6.4,93.0,"Adventure, Comedy, Family, Sci-Fi",165523,6/23/1989,Joe Johnston,"Walt Disney Pictures, Silver Screen Partners III",29.958,United States of America,en,222724172,242,18000000,1989,"Honey, I Shrunk the Kids",1
,https://www.imdb.com/title/tt0104437/,Movie,4.9,89.0,"Adventure, Comedy, Family, Romance, Sci-Fi",46654,7/17/1992,Randal Kleiser,"Walt Disney Pictures, Touchwood Pacific Partners 1",30.5,United States of America,en,58662452,242,40000000,1992,"Honey, I Blew Up the Kid",2
,https://www.imdb.com/title/tt0119310/,TV Movie,5.0,74.0,"Action, Adventure, Comedy, Family, Sci-Fi",16842,3/18/1997,Dean Cundey,Walt Disney Pictures,30.144,United States of America,en,0,242,7000000,1997,"Honey, We Shrunk Ourselves!",3
,https://www.imdb.com/title/tt0322589/,Movie,5.3,94.0,"Drama, Music, Romance",47306,12/5/03,Bille Woodruff,"NuAmerica Entertainment, Universal Pictures, Marc Platt Productions",21.864,United States of America,en,62646763,243,18000000,2003,Honey,1
,https://www.imdb.com/title/tt1657283/,Movie,5.2,110.0,"Comedy, Drama, Music",7662,8/2011,Bille Woodruff,"MFV Productions, Reel Deal Entertainment, Universal Pictures, Marc Platt Productions",18.26,United States of America,en,0,243,0,2011,Honey 2,2
,https://www.imdb.com/title/tt0054215/,Movie,8.5,109.0,"Horror, Mystery, Thriller",714905,9/8/1960,Alfred Hitchcock,Shamley Productions,48.707,United States of America,en,32000000,244,806947,1960,Psycho,1
,https://www.imdb.com/title/tt0086154/,Movie,6.6,113.0,"Crime, Horror, Mystery, Thriller",30891,6/3/1983,Richard Franklin,"Universal Pictures, Oak",16.355,United States of America,en,34725000,244,5000000,1983,Psycho II,2
,https://www.imdb.com/title/tt0106950/,Movie,5.9,95.0,"Action, Crime, Sci-Fi, Thriller",30371,9/3/1993,Stuart Gordon,"Village Roadshow Pictures, Davis Entertainment, Fortress Films, Dimension Films",19.53,"Australia, United States of America",en,6739141,245,8000000,1993,Fortress,1
,https://www.imdb.com/title/tt0179183/,Movie,4.5,92.0,"Action, Sci-Fi",7295,3/2/00,Geoff Murphy,The Carousel Picture Company,14.722,"Luxembourg, United States of America",en,0,245,11000000,2000,Fortress 2: Re-Entry,2
,https://www.imdb.com/title/tt0375210/,Movie,5.5,101.0,"Drama, Horror, Mystery, Thriller",50643,1/7/05,Geoffrey Sax,"White Noise UK Ltd., Universal Pictures, Brightlight Pictures, Endgame Entertainment, Gold Circle Films, The Movie Network, Corus Entertainment, Chum Television, Senator International",24.907,"Canada, United Kingdom, United States of America",en,91196419,247,10000000,2005,White Noise,1
,https://www.imdb.com/title/tt0496436/,Movie,5.7,99.0,"Drama, Fantasy, Horror, Thriller",13698,9/1/21,Patrick Lussier,"Brightlight Pictures, Gold Circle Films",12.389,"Canada, United States of America",en,0,247,0,2021,White Noise 2: The Light,2
,https://www.imdb.com/title/tt0088933/,Movie,6.7,117.0,"Comedy, Drama, Sci-Fi",68470,6/21/1985,Ron Howard,"SLM Production Group, Zanuck/Brown Productions, 20th Century Fox",35.071,United States of America,en,85300000,248,17500000,1985,Cocoon,1
,https://www.imdb.com/title/tt0094890/,Movie,5.4,116.0,"Adventure, Comedy, Mystery, Romance, Sci-Fi",17271,11/23/1988,Daniel Petrie,"Zanuck/Brown Productions, 20th Century Fox",18.157,United States of America,en,25000000,248,17500000,1988,Cocoon: The Return,2
,https://www.imdb.com/title/tt1259574/,TV Movie,6.9,102.0,"Crime, Drama, History",13645,3/5/09,Julian Jarrold,"Screen Yorkshire, Lipsync Productions, Revolution Films, Film4 Productions",17.048,United Kingdom,en,0,250,9000000,2009,Red Riding: The Year of Our Lord 1974,1
,https://www.imdb.com/title/tt1260581/,TV Movie,7.1,93.0,"Crime, Drama, History",9546,3/12/09,James Marsh,"Screen Yorkshire, Lipsync Productions, Revolution Films, Film4 Productions",22.237,United Kingdom,en,0,250,0,2009,Red Riding: The Year of Our Lord 1980,2
,https://www.imdb.com/title/tt1259573/,TV Movie,7.1,100.0,"Crime, Drama, History",8287,3/19/09,Anand Tucker,"Screen Yorkshire, Lipsync Productions, Revolution Films, Film4 Productions",19.626,United Kingdom,en,0,250,0,2009,Red Riding: The Year of Our Lord 1983,3
,https://www.imdb.com/title/tt0275847/,Movie,7.3,85.0,"Animation, Adventure, Comedy, Drama, Family, Fantasy, Sci-Fi",210267,6/21/02,"Dean DeBlois, Chris Sanders","Walt Disney Pictures, Walt Disney Feature Animation",81.213,United States of America,en,273144151,251,80000000,2002,Lilo & Stitch,1
,https://www.imdb.com/title/tt0457993/,Video,6.2,68.0,"Animation, Comedy, Drama, Family, Sci-Fi",17289,8/30/05,"Michael LaBash, Tony Leondis","Disney Television Animation, DisneyToon Studios, Walt Disney Pictures",47.625,United States of America,en,0,251,0,2005,Lilo & Stitch 2: Stitch Has a Glitch,2
,https://www.imdb.com/title/tt0403508/,Movie,6.5,119.0,"Comedy, Drama, Romance",64799,6/1/05,Ken Kwapis,"Alloy Entertainment, Alcon Entertainment, Di Novi Pictures",20.43,"United States of America, Mexico, Turkey",en,39053061,252,25000000,2005,The Sisterhood of the Traveling Pants,1
,https://www.imdb.com/title/tt1018785/,Movie,6.2,119.0,"Comedy, Drama, Romance",30691,8/6/08,Sanaa Hamri,"Alcon Entertainment, Di Novi Pictures, Alloy Entertainment",19.578,United States of America,en,44352417,252,27000000,2008,The Sisterhood of the Traveling Pants 2,2
,https://www.imdb.com/title/tt0307987/,Movie,7.1,92.0,"Comedy, Crime, Drama",154865,11/26/03,Terry Zwigoff,"Dimension Films, Triptych Pictures, Mike Zoss Productions",42.662,United States of America,en,76500000,253,23000000,2003,Bad Santa,1
,https://www.imdb.com/title/tt1798603/,Movie,5.6,92.0,"Comedy, Crime, Drama, Mystery",28459,11/23/16,Mark Waters,"Ingenious Media, Broad Green Pictures, Miramax",21.71,United States of America,en,24100000,253,26000000,2016,Bad Santa 2,2
,https://www.imdb.com/title/tt0414852/,Movie,7.1,84.0,"Action, Crime, Sci-Fi, Thriller",73666,6/2/06,Pierre Morel,"Canal+, EuropaCorp, TF1 Films Production, Magnolia Pictures",42.929,France,fr,9584131,254,12000000,2006,District B13,1
,https://www.imdb.com/title/tt1247640/,Movie,6.5,101.0,"Action, Crime, Thriller",46157,2/18/09,Patrick Alessandrin,"CinéCinéma, TF1 International, Sofica EuropaCorp, EuropaCorp, Canal+, CiBy 2000",25.36,France,fr,8786375,254,15000000,2009,District 13: Ultimatum,2
,https://www.imdb.com/title/tt0152930/,Movie,7.0,89.0,"Action, Comedy, Crime",88941,11/20/1998,Gérard Pirès,"EuropaCorp, ARP Sélection, Cofimage 9, Studio Image 4, Canal+, TF1 Films Production, TF1 International, StudioCanal",54.505,France,fr,44500000,255,8700000,1998,Taxi,1
,https://www.imdb.com/title/tt0183869/,Movie,6.5,88.0,"Action, Comedy, Crime",58921,10/6/00,Gérard Krawczyk,"ARP Sélection, TF1 Films Production, Canal+, Leeloo Productions, EuropaCorp",32.066,France,fr,64400000,255,10500000,2000,Taxi 2,2
,https://www.imdb.com/title/tt0295721/,Movie,5.8,84.0,"Action, Comedy, Crime",45451,1/29/03,Gérard Krawczyk,"EuropaCorp, ARP Sélection, Apipoulaï, TF1 Films Production, Canal+",22.211,France,fr,65497208,255,14500000,2003,Taxi 3,3
,https://www.imdb.com/title/tt0804540/,Movie,5.6,91.0,"Action, Comedy, Crime",30612,2/14/07,Gérard Krawczyk,Apipoulaï,43.451,France,fr,65125001,255,17500000,2007,Taxi 4,4
,https://www.imdb.com/title/tt0212346/,Movie,6.3,109.0,"Action, Comedy, Crime, Romance",229067,12/22/00,Donald Petrie,"Village Roadshow Pictures, Castle Rock Entertainment, NPV Entertainment, Fortis Films, Warner Bros. Pictures",32.75,United States of America,en,212000000,256,45000000,2000,Miss Congeniality,1
,https://www.imdb.com/title/tt0385307/,Movie,5.1,115.0,"Action, Comedy, Crime",79988,3/24/05,John Pasquin,"Village Roadshow Pictures, Castle Rock Entertainment, Fortis Films, Warner Bros. Pictures",33.014,United States of America,en,101393569,256,0,2005,Miss Congeniality 2: Armed & Fabulous,2
,https://www.imdb.com/title/tt0114367/,Movie,6.3,108.0,"Horror, Sci-Fi, Thriller",29309,1/26/1996,Christian Duguay,"Fuji Eight Company Ltd., Allegro Films, Fries Film Group, Super Ecran, Triumph Films, The Movie Network, Fries Film Company, Triumph, Allegro Film",27.098,"Canada, Japan, United States of America",en,5781885,257,20000000,1996,Screamers,1
,https://www.imdb.com/title/tt1214983/,Video,4.7,95.0,"Action, Horror, Sci-Fi, Thriller",5706,1/2009,Sheldon Wilson,Pope Productions,14.682,United States of America,en,0,257,0,2009,Screamers: The Hunting,2
,https://www.imdb.com/title/tt0343818/,Movie,7.1,115.0,"Action, Mystery, Sci-Fi, Thriller",572662,7/16/04,Alex Proyas,"Davis Entertainment, Laurence Mark Productions, Canlaws Productions, 20th Century Fox, Overbrook Entertainment, Mediastream Vierte Film GmbH & Co. Vermarktungs KG",50.585,"United States of America, Germany",en,347234916,258,120000000,2004,"I, Robot",1
,https://www.imdb.com/title/tt0480249/,Movie,7.2,101.0,"Action, Drama, Horror, Sci-Fi, Thriller",809497,12/14/07,Francis Lawrence,"Warner Bros. Pictures, Village Roadshow Pictures, Weed Road Pictures, Overbrook Entertainment, Heyday Films, Original Film",73.259,United States of America,en,585410052,258,150000000,2007,I Am Legend,2
,https://www.imdb.com/title/tt0988045/,Movie,7.6,128.0,"Action, Adventure, Mystery",668151,12/25/09,Guy Ritchie,"Warner Bros. Pictures, Village Roadshow Pictures, Silver Pictures, Wigram Productions, Internationale Filmproduktion Blackbird Dritte",70.388,"Australia, Germany, United Kingdom, United States of America",en,524028679,443,90000000,2009,Sherlock Holmes,1
,https://www.imdb.com/title/tt1515091/,Movie,7.4,129.0,"Action, Adventure, Mystery",478664,12/16/11,Guy Ritchie,"Warner Bros. Pictures, Village Roadshow Pictures, Silver Pictures, Wigram Productions, Lin Pictures",37.823,"United Kingdom, United States of America",en,334615000,443,125000000,2011,Sherlock Holmes: A Game of Shadows,2
,https://www.imdb.com/title/tt0079945/,Movie,6.4,143.0,"Adventure, Mystery, Sci-Fi",96218,12/8/1979,Robert Wise,"Paramount, Century Associates",31.753,United States of America,en,139000000,259,35000000,1979,Star Trek: The Motion Picture,1
,https://www.imdb.com/title/tt0084726/,Movie,7.7,113.0,"Action, Adventure, Sci-Fi",128807,6/4/1982,Nicholas Meyer,Paramount,20.623,United States of America,en,96800000,259,12000000,1982,Star Trek II: The Wrath of Khan,2
,https://www.imdb.com/title/tt0088170/,Movie,6.6,105.0,"Action, Adventure, Sci-Fi",85860,6/1/1984,Leonard Nimoy,Paramount,15.549,United States of America,en,87000000,259,18000000,1984,Star Trek III: The Search for Spock,3
,https://www.imdb.com/title/tt0092007/,Movie,7.3,119.0,"Action, Adventure, Comedy, Sci-Fi",91119,11/26/1986,Leonard Nimoy,Paramount,24.308,United States of America,en,133000000,259,24000000,1986,Star Trek IV: The Voyage Home,4
,https://www.imdb.com/title/tt0098382/,Movie,5.5,107.0,"Action, Adventure, Fantasy, Sci-Fi, Thriller",63968,6/9/1989,William Shatner,Paramount,23.51,United States of America,en,70200000,259,30000000,1989,Star Trek V: The Final Frontier,5
,https://www.imdb.com/title/tt0102975/,Movie,7.2,110.0,"Action, Adventure, Sci-Fi, Thriller",80622,12/6/1991,Nicholas Meyer,Paramount,18.908,United States of America,en,96900000,259,27000000,1991,Star Trek VI: The Undiscovered Country,6
,https://www.imdb.com/title/tt0111280/,Movie,6.6,118.0,"Action, Adventure, Mystery, Sci-Fi, Thriller",86765,11/18/1994,David Carson,Paramount,27.546,United States of America,en,120000000,259,38000000,1994,Star Trek: Generations,7
,https://www.imdb.com/title/tt0117731/,Movie,7.6,111.0,"Action, Adventure, Drama, Sci-Fi, Thriller",131663,11/22/1996,Jonathan Frakes,Paramount,34.625,United States of America,en,150000000,259,46000000,1996,Star Trek: First Contact,8
,https://www.imdb.com/title/tt0120844/,Movie,6.4,103.0,"Action, Adventure, Sci-Fi, Thriller",79220,12/11/1998,Jonathan Frakes,"Paramount, Digital Image Associates",25.366,United States of America,en,118000000,259,70000000,1998,Star Trek: Insurrection,9
,https://www.imdb.com/title/tt0253754/,Movie,6.4,116.0,"Action, Adventure, Sci-Fi, Thriller",83661,12/13/02,Stuart Baird,"Paramount, Digital Image Associates",38.786,United States of America,en,67312826,259,60000000,2002,Star Trek: Nemesis,10
,https://www.imdb.com/title/tt0103772/,Movie,7.0,127.0,"Drama, Mystery, Thriller",217790,3/20/1992,Paul Verhoeven,"Carolco Pictures, Le Studio Canal+, TriStar Pictures",45.116,"United States of America, France",en,352927224,260,49000000,1992,Basic Instinct,1
,https://www.imdb.com/title/tt0430912/,Movie,4.4,114.0,"Drama, Mystery, Thriller",41450,3/31/06,Michael Caton-Jones,"Metro-Goldwyn-Mayer, C2 Pictures, IMF Internationale Medien und Film GmbH & Co. 3. Produktions KG, KanZaman Productions, Grosvenor Park Media, Intermedia, Summit Entertainment",29.828,"Germany, Spain, United Kingdom, United States of America",en,38629478,260,70000000,2006,Basic Instinct 2,2
,https://www.imdb.com/title/tt0281322/,Movie,6.1,94.0,"Action, Crime, Drama, Sport",34279,8/23/02,Walter Hill,"Miramax, Amen Ra Films",56.843,United States of America,en,14946150,261,20000000,2002,Undisputed,1
,https://www.imdb.com/title/tt0443676/,Video,7.0,98.0,"Action, Crime, Drama, Sport",39061,2/28/07,Isaac Florentine,"Nu Image Bulgaria, Millennium Media",47.7,United States of America,en,1361,261,8000000,2007,Undisputed 2: Last Man Standing,2
,https://www.imdb.com/title/tt1156466/,Video,7.3,96.0,"Action, Crime, Drama, Sport",44385,6/17/10,Isaac Florentine,"Undisputed 3 Productions, Nu Image",60.308,United States of America,en,282548,261,3000000,2010,Undisputed 3: Redemption,3
,https://www.imdb.com/title/tt1174954/,Movie,6.4,98.0,"Animation, Action, Horror, Sci-Fi, Thriller",33107,10/18/08,Makoto Kamiya,"Capcom, Sony Pictures, Digital Frontier",41.175,Japan,ja,403117,262,0,2008,Resident Evil: Degeneration,1
,https://www.imdb.com/title/tt1753496/,Movie,6.4,100.0,"Animation, Action, Horror, Sci-Fi, Thriller",22329,10/27/12,Makoto Kamiya,"Digital Frontier, Capcom, Sony Pictures",45.36,Japan,en,2325035,262,0,2012,Resident Evil: Damnation,2
,https://www.imdb.com/title/tt0948470/,Movie,6.9,136.0,"Action, Adventure, Sci-Fi",698777,7/3/12,Marc Webb,"Marvel Entertainment, Laura Ziskin Productions, Columbia Pictures, Matt Tolmach Productions, Arad Productions",87.929,United States of America,en,757930663,263,215000000,2012,The Amazing Spider-Man,1
,https://www.imdb.com/title/tt1872181/,Movie,6.6,142.0,"Action, Adventure, Sci-Fi",534829,5/2/14,Marc Webb,"Columbia Pictures, Matt Tolmach Productions, Arad Productions",93.108,United States of America,en,708962323,263,200000000,2014,The Amazing Spider-Man 2,2
,https://www.imdb.com/title/tt0985694/,Movie,6.6,105.0,"Action, Crime, Thriller",203642,9/3/10,"Ethan Maniquis, Robert Rodriguez","Overnight Films, Troublemaker Studios",40.24,United States of America,en,45500000,264,20000000,2010,Machete,1
,https://www.imdb.com/title/tt2002718/,Movie,5.6,107.0,"Action, Comedy, Crime, Thriller",82203,10/11/13,Robert Rodriguez,"Open Road Films, Overnight Films, AR Films, Aldamisa Entertainment, Demarest Films, 1821 Pictures, Quick Draw Productions, Universal Pictures",29.501,United States of America,en,15000000,264,12000000,2013,Machete Kills,2
,https://www.imdb.com/title/tt1232829/,Movie,7.2,109.0,"Action, Comedy, Crime",595625,3/16/12,"Phil Lord, Christopher Miller","Columbia Pictures, Relativity Media, Original Film, Metro-Goldwyn-Mayer, Stephen J. Cannell Productions, SJC Studios",53.444,United States of America,en,201585328,265,42000000,2012,21 Jump Street,1
,https://www.imdb.com/title/tt2294449/,Movie,7.0,112.0,"Action, Comedy, Crime",404157,6/13/14,"Phil Lord, Christopher Miller","Columbia Pictures, Original Film, MRC, LStar Capital, Metro-Goldwyn-Mayer, Stephen J. Cannell Productions, 75 Year Plan Productions, Storyville Films, JHF Productions",50.521,United States of America,en,331333876,265,50000000,2014,22 Jump Street,2
,https://www.imdb.com/title/tt0115571/,Movie,6.2,115.0,"Mystery, Sci-Fi, Thriller",37970,5/31/1996,David Twohy,"Live Entertainment, Steelwork Films, Mediaworks",28.649,"Mexico, United States of America",en,14063331,266,25000000,1996,The Arrival,1
,https://www.imdb.com/title/tt0122961/,Movie,3.8,105.0,"Horror, Mystery, Sci-Fi, Thriller",3178,11/6/1998,Kevin Tenney,"Rootbeer Films, Taurus 7 Film Corporation",11.201,"Canada, United States of America",en,0,266,4529850,1998,Arrival II,2
,https://www.imdb.com/title/tt0134273/,Movie,6.6,123.0,"Crime, Drama, Mystery, Thriller",142164,2/26/1999,Joel Schumacher,"Global Medien KG, Hofflund/Polone, Columbia Pictures",30.21,"Germany, United States of America",en,96618699,267,40000000,1999,8MM,1
,https://www.imdb.com/title/tt0448172/,Video,4.5,106.0,"Mystery, Thriller",5003,11/22/05,J.S. Cardone,"Sandstorm Films, Sony Pictures",14.516,"Hungary, United States of America",en,0,267,0,2005,8MM 2,2
,https://www.imdb.com/title/tt1132620/,Movie,7.8,152.0,"Crime, Drama, Mystery, Thriller",222837,4/30/10,Niels Arden Oplev,"Det Danske Filminstitut, Nordisk Film Denmark, ZDF, Yellow Bird, Film Capital Stockholm, Spiltan Underhållning, Nordisk Film & TV Fond, Svenska Filminstitutet, SVT, Film i Väst",45.888,"Denmark, Germany, Norway, Sweden",sv,109421911,444,13000000,2010,The Girl with the Dragon Tattoo,1
,https://www.imdb.com/title/tt1216487/,Movie,7.1,129.0,"Action, Crime, Drama, Mystery, Thriller",98269,8/27/10,Daniel Alfredson,"Nordisk Film Denmark, ZDF, Film Capital Stockholm, Spiltan Underhållning, Svenska Filminstitutet, SVT, Film i Väst",20.089,"Denmark, Germany, Sweden",sv,67126795,444,4422952,2010,The Girl Who Played with Fire,2
,https://www.imdb.com/title/tt1343097/,Movie,7.3,147.0,"Crime, Drama, Thriller",74343,11/12/10,Daniel Alfredson,"Nordisk Film Denmark, Yellow Bird, ZDF, SVT, Film i Väst",18.33,"Denmark, Germany, Sweden",sv,43498108,444,4000000,2010,The Girl Who Kicked the Hornet's Nest,3
,https://www.imdb.com/title/tt0369226/,Movie,2.4,96.0,"Action, Horror, Sci-Fi",46931,1/28/05,Uwe Boll,"Boll Kino Beteiligungs GmbH & Co. KG, Brightlight Pictures, Herold Productions, Infogrames Entertainment, AITD Productions",20.377,"Canada, Germany, United States of America",en,12693645,268,20000000,2005,Alone in the Dark,1
,https://www.imdb.com/title/tt0913951/,Video,2.6,92.0,"Fantasy, Horror, Thriller",5265,1/26/10,"Michael Roesch, Peter Scheerer",HJB Filmproduktion,14.177,United States of America,en,0,268,4600000,2010,Alone in the Dark 2,2
,https://www.imdb.com/title/tt0383222/,Movie,3.0,95.0,"Action, Fantasy, Horror",37119,1/6/06,Uwe Boll,"Boll KG, Pitchblack Pictures, Herold Productions, Lighthouse Pictures",14.116,"Germany, United States of America",en,3650275,269,25000000,2006,BloodRayne,1
,https://www.imdb.com/title/tt0896036/,Video,2.7,99.0,"Action, Fantasy, Western",11552,7/24/08,Uwe Boll,"Boll Kino Beteiligungs GmbH & Co. KG, Brightlight Pictures, Pitchblack Pictures, Lighthouse Pictures",15.97,"Canada, Germany",en,167445,269,10000000,2008,BloodRayne II: Deliverance,2
,https://www.imdb.com/title/tt1153546/,Video,3.0,79.0,"Action, Adventure, Fantasy, Horror",6836,3/17/12,Uwe Boll,"Boll Kino Beteiligungs GmbH & Co. KG, Brightlight Pictures",19.894,"Canada, Germany, United States of America",en,0,269,10000000,2012,BloodRayne: The Third Reich,3
,https://www.imdb.com/title/tt0460780/,Movie,3.8,127.0,"Action, Adventure, Fantasy, Thriller, War",51069,1/11/08,Uwe Boll,"Boll Kino Beteiligungs GmbH & Co. KG, Brightlight Pictures, Herold Productions",18.903,"Canada, Germany, United States of America",en,13100000,445,60000000,2008,In the Name of the King: A Dungeon Siege Tale,1
,https://www.imdb.com/title/tt1767319/,Movie,3.1,96.0,"Action, Adventure, Fantasy, Thriller",5278,4/3/14,Uwe Boll,"Event Film Distribution, Pistoleros, Boll Kino Beteiligungs GmbH & Co. KG, Brightlight Pictures, Studio West Productions(VCC)",18.875,"Canada, Germany",en,0,445,4500000,2014,In the Name of the King: Two Worlds,2
,https://www.imdb.com/title/tt2379386/,Movie,3.0,86.0,"Action, Adventure, Fantasy, Thriller",2411,2/26/14,Uwe Boll,"Event Film Distribution, Bolu Filmproduktion und Verleih, ICE Animations",14.468,"Germany, Canada",en,0,445,3500000,2014,In the Name of the King: The Last Mission,3
,https://www.imdb.com/title/tt0123755/,Movie,7.1,90.0,"Horror, Mystery, Sci-Fi",246738,12/10/1997,Vincenzo Natali,,3.522,,ko,0,270,0,1997,Cube,1
,https://www.imdb.com/title/tt0285492/,Movie,5.5,94.0,"Horror, Mystery, Sci-Fi",70194,4/15/03,Andrzej Sekula,Lions Gate Films,20.929,Canada,en,3563603,270,0,2003,Cube²: Hypercube,2
,https://www.imdb.com/title/tt0377713/,Movie,5.6,97.0,"Drama, Mystery, Sci-Fi, Thriller",42582,2/22/05,Ernie Barbarash,"Mr. X, Mad Circus Films, Lionsgate",15.921,Canada,en,0,270,825000,2005,Cube Zero,3
,https://www.imdb.com/title/tt1928330/,Movie,5.4,90.0,"Action, Comedy, Crime, Thriller",19711,11/5/14,Craig Moss,"Amber Lamps, Silver Nitrate",21.693,United States of America,en,0,272,0,2014,Bad Ass,1
,https://www.imdb.com/title/tt2996648/,Video,5.6,91.0,"Action, Comedy, Drama",5083,3/26/14,Craig Moss,"Sense and Sensibility Ventures, Silver Nitrate",12.859,United States of America,en,0,272,5500000,2014,Bad Ass 2: Bad Asses,2
,https://www.imdb.com/title/tt1160368/,Movie,5.6,108.0,"Action, Crime, Thriller",30419,3/27/09,Renny Harlin,"The Mark Gordon Company, Midnight Sun Pictures, Fox Atomic, WWE Studios",22.725,United States of America,en,17280326,273,22000000,2009,12 Rounds,1
,https://www.imdb.com/title/tt2317524/,Movie,5.3,95.0,"Action, Adventure, Thriller",5939,6/4/13,Roel Reiné,WWE Studios,17.662,United States of America,en,0,273,4000000,2013,12 Rounds 2: Reloaded,2
,https://www.imdb.com/title/tt2334841/,Video,4.8,86.0,"Action, Thriller",4729,3/5/13,Scott Wiper,WWE Studios,20.629,United States of America,en,0,273,0,2013,The Marine 3: Homefront,3
,https://www.imdb.com/title/tt1591095/,Movie,6.8,103.0,"Horror, Mystery, Thriller",337412,4/1/11,James Wan,"Alliance Films, IM Global, Haunted Movies, Solana Films",53.85,"Canada, United States of America",en,99870886,274,1500000,2011,Insidious,1
,https://www.imdb.com/title/tt2226417/,Movie,6.5,106.0,"Horror, Mystery, Thriller",187975,9/13/13,James Wan,"FilmDistrict, Blumhouse Productions, Stage 6 Films, Entertainment One, Alliance Films, Solana Films",41.704,United States of America,en,161000000,274,5000000,2013,Insidious: Chapter 2,2
,https://www.imdb.com/title/tt3195644/,Movie,6.1,97.0,"Horror, Mystery, Thriller",117951,6/5/15,Leigh Whannell,"Blumhouse Productions, Entertainment One",50.286,"Canada, United States of America",en,112983889,274,10000000,2015,Insidious: Chapter 3,3
,https://www.imdb.com/title/tt1470827/,Movie,6.4,94.0,"Adventure, Drama, Romance, Sci-Fi, Thriller",97345,12/3/10,Gareth Edwards,"Vertigo Films, Protagonist Pictures",27.137,United Kingdom,en,5639730,275,500000,2010,Monsters,1
,https://www.imdb.com/title/tt1935302/,Movie,4.3,119.0,"Action, Drama, Horror, Sci-Fi, Thriller, War",11111,4/17/15,Tom Green,"International Traders, Between The Eyes, Vertigo Films, 42, Protagonist Pictures",16.076,United Kingdom,en,0,275,0,2015,Monsters: Dark Continent,2
,https://www.imdb.com/title/tt1840309/,Movie,6.6,139.0,"Action, Adventure, Mystery, Sci-Fi",486608,3/21/14,Neil Burger,"Summit Entertainment, Red Wagon Entertainment",63.11,United States of America,en,288885818,276,85000000,2014,Divergent,1
,https://www.imdb.com/title/tt2908446/,Movie,6.2,119.0,"Action, Adventure, Sci-Fi, Thriller",253761,3/20/15,Robert Schwentke,"Summit Entertainment, Red Wagon Entertainment, Mandeville Films, NeoReel, Lionsgate",79.924,"Canada, United States of America",en,297002527,276,110000000,2015,The Divergent Series: Insurgent,2
,https://www.imdb.com/title/tt3410834/,Movie,5.7,120.0,"Action, Adventure, Mystery, Sci-Fi, Thriller",133205,3/18/16,Robert Schwentke,"Mandeville Films, Summit Entertainment, Lionsgate, Red Wagon Entertainment",58.773,United States of America,en,179246868,276,110000000,2016,Allegiant,3
,https://www.imdb.com/title/tt1436562/,Movie,6.9,96.0,"Animation, Adventure, Comedy, Family, Music, Musical",247115,4/15/11,Carlos Saldanha,"Blue Sky Studios, 20th Century Fox Animation, 20th Century Fox",92.704,United States of America,en,484600000,277,90000000,2011,Rio,1
,https://www.imdb.com/title/tt2357291/,Movie,6.3,101.0,"Animation, Adventure, Comedy, Family, Music, Musical",99868,4/11/14,Carlos Saldanha,"Blue Sky Studios, 20th Century Fox Animation, 20th Century Fox",70.063,United States of America,en,500200000,277,103000000,2014,Rio 2,2
,https://www.imdb.com/title/tt0418763/,Movie,7.0,125.0,"Biography, Drama, War",205339,11/4/05,Sam Mendes,"Red Wagon Entertainment, Neal Street Productions",37.441,"United Kingdom, United States of America",en,97076152,278,72000000,2005,Jarhead,1
,https://www.imdb.com/title/tt3699508/,Video,5.4,103.0,"Action, Drama, War",6691,8/8/14,Don Michael Paul,"UFO International Productions, Universal 1440 Entertainment, Neal Street Productions, Red Wagon Productions",14.491,United States of America,en,0,278,0,2014,Jarhead 2: Field of Fire,2
,https://www.imdb.com/title/tt1412386/,Movie,7.2,124.0,"Comedy, Drama, Romance",99197,5/25/12,John Madden,"Participant, Imagenation Abu Dhabi FZ, Blueprint Pictures",13.628,"United Arab Emirates, United Kingdom, United States of America",en,136800000,279,10000000,2012,The Best Exotic Marigold Hotel,1
,https://www.imdb.com/title/tt2555736/,Movie,6.5,122.0,"Comedy, Drama, Romance",35721,3/6/15,John Madden,"Fox Searchlight Pictures, Participant, Blueprint Pictures",16.193,"United Kingdom, United States of America",en,86000000,279,10000000,2015,The Second Best Exotic Marigold Hotel,2
,https://www.imdb.com/title/tt1937390/,Movie,6.9,117.0,Drama,131060,3/6/14,Lars von Trier,"Zentropa Entertainments, ARTE France Cinéma",68.833,"Denmark, France",en,4934725,280,0,2014,Nymphomaniac: Vol. I,1
,https://www.imdb.com/title/tt2382009/,Movie,6.6,124.0,Drama,97831,3/20/14,Lars von Trier,"Zentropa Entertainments, ARTE France Cinéma",68.833,"Denmark, France",en,4934725,280,0,2014,Nymphomaniac: Vol. II,2
,https://www.imdb.com/title/tt1490017/,Movie,7.7,100.0,"Animation, Action, Adventure, Comedy, Family, Fantasy, Sci-Fi",386615,2/7/14,"Phil Lord, Christopher Miller","Village Roadshow Pictures, RatPac Entertainment, LEGO, Lin Pictures, Vertigo Entertainment, Warner Bros. Pictures Animation, Animal Logic",66.734,"Australia, Denmark, United States of America",en,469200000,281,60000000,2014,The Lego Movie,1
,https://www.imdb.com/title/tt3513498/,Movie,6.5,107.0,"Animation, Action, Adventure, Comedy, Family, Fantasy, Musical, Sci-Fi",76133,2/8/19,Mike Mitchell,"Vertigo Entertainment, Animal Logic, Warner Bros. Pictures Animation, Lord Miller, Rideback, LEGO",43.552,"Australia, Denmark, United States of America",en,199600000,281,99000000,2019,The Lego Movie 2: The Second Part,2
,https://www.imdb.com/title/tt1905041/,Movie,7.0,130.0,"Action, Adventure, Crime, Thriller",415398,5/24/13,Justin Lin,"Universal Pictures, Relativity Media, Original Film, One Race, Fuji Television Network, dentsu",6.96,"Japan, United States of America, Spain, United Kingdom",en,788700000,282,160000000,2013,Fast & Furious 6,1
,https://www.imdb.com/title/tt2820852/,Movie,7.1,137.0,"Action, Crime, Thriller",413320,4/3/15,James Wan,"Original Film, One Race, Universal Pictures",66.005,United States of America,en,1515400000,282,190000000,2015,Furious 7,2
,https://www.imdb.com/title/tt1596365/,Movie,6.4,95.0,"Drama, Fantasy, Horror, Thriller",192102,2/3/12,James Watkins,"Hammer Film Productions, Alliance Films, Talisman Productions, Filmgate Films, Film i Väst, Exclusive Media, Cross Creek Pictures",23.243,"Canada, Sweden, United Kingdom",en,127730736,283,17000000,2012,The Woman in Black,1
,https://www.imdb.com/title/tt2339741/,Movie,4.8,98.0,"Drama, Horror, Thriller",29498,1/2/15,Tom Harper,"Hammer Film Productions, Alliance Films, Talisman Productions, Exclusive Media, Da Vinci Media Ventures",21.473,"Canada, United Kingdom, United States of America",en,48854305,283,15000000,2015,The Woman in Black 2: Angel of Death,2
,https://www.imdb.com/title/tt1740047/,Movie,7.0,112.0,"Comedy, Drama",23384,4/24/11,Michael Winterbottom,"Revolution Films, BBC, Baby Cow Productions, Arbie",21.755,United Kingdom,en,951179,284,0,2011,The Trip,1
,https://www.imdb.com/title/tt2967006/,Movie,6.6,108.0,"Comedy, Drama",16150,4/25/14,Michael Winterbottom,Revolution Films,12.446,United Kingdom,en,0,284,0,2014,The Trip to Italy,2
,https://www.imdb.com/title/tt0168501/,Movie,6.7,120.0,"Comedy, Drama, Romance",11795,10/22/1999,Malcolm D. Lee,"Universal Pictures, 40 Acres and a Mule Filmworks",24.123,United States of America,en,34573780,285,9000000,1999,The Best Man,1
,https://www.imdb.com/title/tt2083355/,Movie,6.6,123.0,"Comedy, Drama",16819,11/15/13,Malcolm D. Lee,"Universal Pictures, Blackmaled Productions, Sean Daniel Company",16.494,United States of America,en,71625195,285,17000000,2013,The Best Man Holiday,2
,https://www.imdb.com/title/tt0313911/,Movie,5.1,102.0,"Action, Adventure, Comedy, Crime, Family, Romance, Thriller",36855,3/14/03,Harald Zwart,"Madacy Entertainment, Splendid Pictures, Maverick Films, Dylan Sellers Productions, Metro-Goldwyn-Mayer",28.583,"Canada, United States of America",en,58795814,286,28000000,2003,Agent Cody Banks,1
,https://www.imdb.com/title/tt0358349/,Movie,4.5,100.0,"Action, Adventure, Comedy, Family, Romance, Sci-Fi",15852,3/12/04,Kevin Allen,"Maverick Films, Dylan Sellers Productions, Splendid Pictures, Madacy Entertainment, Metro-Goldwyn-Mayer",18.943,United States of America,en,28818995,286,26000000,2004,Agent Cody Banks 2: Destination London,2
,https://www.imdb.com/title/tt0115433/,Movie,5.7,103.0,"Adventure, Comedy, Crime, Family",117125,11/27/1996,Stephen Herek,"Great Oaks Entertainment, Walt Disney Pictures, Wizzer Productions",45.055,"United Kingdom, United States of America",en,320689294,287,54000000,1996,101 Dalmatians,1
,https://www.imdb.com/title/tt0211181/,Movie,4.8,100.0,"Adventure, Comedy, Family",39493,11/22/00,"Michael D Moore, Kevin Lima","Walt Disney Pictures, Cruella Productions, Kanzaman S.A.M.",21.673,United States of America,en,183611771,287,85000000,2000,102 Dalmatians,2
,https://www.imdb.com/title/tt0357413/,Movie,7.1,94.0,Comedy,377136,7/9/04,Adam McKay,"DreamWorks Pictures, Apatow Productions",25.933,United States of America,en,90574188,288,26000000,2004,Anchorman: The Legend of Ron Burgundy,1
,https://www.imdb.com/title/tt1229340/,Movie,6.3,119.0,Comedy,191754,12/18/13,Adam McKay,"Gary Sanchez Productions, Paramount, Apatow Productions",30.772,United States of America,en,173700000,288,50000000,2013,Anchorman 2: The Legend Continues,2
,https://www.imdb.com/title/tt0091431/,Movie,6.9,88.0,"Action, Adventure, Comedy",21914,1/21/1987,"Jackie Chan, Eric Tsang","Orange Sky Golden Harvest, Golden Way Films Ltd., Jadran Film",34.075,Hong Kong,cn,16000000,289,15000000,1987,Armour of God,1
,https://www.imdb.com/title/tt0099558/,Movie,7.2,80.0,"Action, Adventure, Comedy, Crime, Thriller",22551,7/18/1997,Jackie Chan,Orange Sky Golden Harvest,24.158,Hong Kong,cn,24100000,289,15000000,1997,Armour of God 2: Operation Condor,2
,https://www.imdb.com/title/tt1424310/,Movie,6.0,109.0,"Action, Adventure, Comedy, Crime",24391,10/18/13,Jackie Chan,"JCE Movies, Golden Harvest Company, Beijing Dragon Garden Culture & Art, Huayi Brothers Pictures, Jackie & JJ Production, Shanghai Film Group",32.341,"China, Hong Kong",cn,171300000,289,26000000,2013,Chinese Zodiac,3
,https://www.imdb.com/title/tt0089374/,Movie,7.5,100.0,"Action, Comedy, Crime, Thriller",41481,12/14/1985,"Jackie Chan, Chi-Hwa Chen","Golden Way Films Ltd., Paragon Films Ltd., Orange Sky Golden Harvest",23.952,Hong Kong,cn,18700000,290,500000,1985,Police Story,1
,https://www.imdb.com/title/tt0095403/,Movie,7.1,101.0,"Action, Comedy, Crime, Thriller",22366,8/20/1988,Jackie Chan,"Golden Way Films Ltd., Paragon Films Ltd., Orange Sky Golden Harvest",25.515,Hong Kong,cn,11500000,290,750000,1988,Police Story 2,2
,https://www.imdb.com/title/tt0104558/,Movie,6.9,91.0,"Action, Comedy, Crime, Thriller",24117,7/26/1996,Stanley Tong,Excellence Entertainment Limited,2.606,"Taiwan, Philippines",zh,0,290,0,1996,Supercop,3
,https://www.imdb.com/title/tt0106544/,Movie,6.1,104.0,"Action, Comedy, Crime, Thriller",4341,10/21/1993,Stanley Tong,Orange Sky Golden Harvest,17.641,Hong Kong,cn,1200000,290,1000000,1993,Supercop 2,4
,https://www.imdb.com/title/tt0386005/,Movie,6.9,123.0,"Action, Crime, Thriller",28853,9/24/04,Benny Chan,"China Film Group Corporation, JCE Movies",26.248,"China, Hong Kong",cn,8700000,290,20000000,2004,New Police Story,5
,https://www.imdb.com/title/tt2599716/,Movie,5.9,110.0,"Action, Crime, Drama, Thriller",10611,6/5/15,Sheng Ding,"Jackie & JJ Production, China Vision Media Group, Wanda Films, Starlet HK International Media",24.268,"China, Hong Kong",zh,94300000,290,35000000,2015,Police Story: Lockdown,6
,https://www.imdb.com/title/tt0112471/,Movie,8.1,101.0,"Drama, Romance",337257,1/27/1995,Richard Linklater,"Castle Rock Entertainment, Detour Filmproduction, Filmhaus Films, Columbia Pictures Corporation",39.802,"Austria, United States of America, Switzerland",en,5987386,292,2500000,1995,Before Sunrise,1
,https://www.imdb.com/title/tt0381681/,Movie,8.1,80.0,"Drama, Romance",286358,7/30/04,Richard Linklater,"Warner Independent Pictures, Castle Rock Entertainment, Detour Filmproduction",23.326,"United States of America, France",en,15992615,292,2700000,2004,Before Sunset,2
,https://www.imdb.com/title/tt2209418/,Movie,7.9,109.0,"Drama, Romance",171377,6/14/13,Richard Linklater,"Castle Rock Entertainment, Detour Filmproduction, Faliro House Productions, Venture Forth",25.992,"Greece, United States of America",en,11176469,292,3000000,2013,Before Midnight,3
,https://www.imdb.com/title/tt0133385/,Movie,6.0,109.0,"Adventure, Comedy, Family, Fantasy",45193,7/14/00,"Claude Zidi, Olaf Wijnants","AMLF, Bavaria Entertainment, Cecchi Gori Group Tiger Cinematografica, Canal+, Katharina, Pathé Films, TF1 Films Production, Renn Productions",27.541,"France, Germany, Italy",fr,1644060,293,0,2000,Asterix and Obelix vs. Caesar,1
,https://www.imdb.com/title/tt0250223/,Movie,6.7,107.0,"Adventure, Comedy, Family, Fantasy",57593,6/24/05,Alain Chabat,"Canal+, KC Medien, Katharina, La Petite Reine, Renn Productions, CNC, TF1 Films Production, Chez Wam",47.401,"France, Germany",fr,128027976,293,58500000,2005,Asterix & Obelix: Mission Cleopatra,2
,https://www.imdb.com/title/tt0463872/,Movie,5.2,116.0,"Adventure, Comedy, Family, Fantasy",32397,6/13/08,"Frédéric Forestier, Thomas Langmann","TF1 Films Production, Constantin Film, Pathé Renn Productions, La Petite Reine, Tripictures, Sorolla Films, Novo RPI, uFilm, Canal+ España, Les Éditions Albert René, Canal+",30.287,"Belgium, France, Germany, Italy, Spain",fr,132900000,293,97250400,2008,Asterix at the Olympic Games,3
,https://www.imdb.com/title/tt1597522/,Movie,5.3,110.0,"Adventure, Comedy, Family",16582,10/17/12,Laurent Tirard,"Fidélité Films, Cinetotal, Lucky Red, Morena Films, Saint Sébastien Froissart, France 2 Cinéma, France 3 Cinéma",24.091,"France, Hungary, Italy, Spain",fr,61319383,293,61000000,2012,Astérix and Obélix: God Save Britannia,4
,https://www.imdb.com/title/tt0100814/,Movie,7.1,96.0,"Comedy, Horror",149321,1/19/1990,Ron Underwood,"No Frills Film Production, Universal Pictures, Wilson-Maddock Production",44.592,United States of America,en,48572000,294,11000000,1990,Tremors,1
,https://www.imdb.com/title/tt0114720/,Video,5.9,100.0,"Action, Comedy, Horror, Sci-Fi, Thriller, Western",32561,4/9/1996,S.S. Wilson,Stampede Entertainment,38.565,United States of America,en,0,294,4000000,1996,Tremors II: Aftershocks,2
,https://www.imdb.com/title/tt0259685/,Video,5.3,104.0,"Action, Comedy, Horror, Sci-Fi, Thriller",19136,10/2/01,Brent Maddock,"Stampede Entertainment, Universal Pictures",27.543,United States of America,en,0,294,6000000,2001,Tremors 3: Back to Perfection,3
,https://www.imdb.com/title/tt0334541/,Video,5.3,101.0,"Action, Adventure, Comedy, Horror, Sci-Fi, Thriller, Western",14017,1/2/04,S.S. Wilson,Stampede Entertainment,26.522,United States of America,en,0,294,5000000,2004,Tremors 4: The Legend Begins,4
,https://www.imdb.com/title/tt2109248/,Movie,5.6,165.0,"Action, Adventure, Sci-Fi",330581,6/27/14,Michael Bay,"di Bonaventura Pictures, DeSanto/Murphy Productions, Ian Bryce Productions, Paramount",71.889,United States of America,en,1104100000,296,210000000,2014,Transformers: Age of Extinction,1
,https://www.imdb.com/title/tt3371366/,Movie,5.2,154.0,"Action, Adventure, Sci-Fi",167830,6/21/17,Michael Bay,"Paramount, di Bonaventura Pictures, Ian Bryce Productions, DeSanto/Murphy Productions",59.072,United States of America,en,605400000,296,217000000,2017,Transformers: The Last Knight,2
,https://www.imdb.com/title/tt1291150/,Movie,5.8,101.0,"Action, Adventure, Comedy, Sci-Fi",219459,8/8/14,Jonathan Liebesman,"Nickelodeon Movies, Paramount, Platinum Dunes, Mirage Studios, Gama Entertainment Partners, Mednick Productions, Heavy Metal",92.945,United States of America,en,485000000,297,125000000,2014,Teenage Mutant Ninja Turtles,1
,https://www.imdb.com/title/tt3949660/,Movie,5.9,112.0,"Action, Adventure, Comedy, Sci-Fi",99478,6/3/16,Dave Green,"5150 Action, Paramount, Nickelodeon Movies, Platinum Dunes, Gama Entertainment Partners",57.656,United States of America,en,245600000,297,135000000,2016,Teenage Mutant Ninja Turtles: Out of the Shadows,2
,https://www.imdb.com/title/tt0455944/,Movie,7.2,132.0,"Action, Crime, Thriller",416879,9/26/14,Antoine Fuqua,"Lonetree Entertainment, Columbia Pictures, Village Roadshow Pictures, Escape Artists, LStar Capital, Mace Neufeld Productions",152.534,United States of America,en,192330738,298,55000000,2014,The Equalizer,1
,https://www.imdb.com/title/tt3766354/,Movie,6.7,121.0,"Action, Crime, Thriller",195131,7/20/18,Antoine Fuqua,"Lonetree Entertainment, Fuqua Films, Escape Artists, Sony Pictures, ZHIV Productions, Mace Neufeld Productions, Columbia Pictures",93.274,United States of America,en,190400157,298,62000000,2018,The Equalizer 2,2
,https://www.imdb.com/title/tt1392170/,Movie,7.2,142.0,"Action, Adventure, Sci-Fi, Thriller",998861,3/23/12,Gary Ross,"Lionsgate, Color Force",46.897,United States of America,en,694394724,299,75000000,2012,The Hunger Games,1
,https://www.imdb.com/title/tt1951264/,Movie,7.5,146.0,"Action, Adventure, Sci-Fi, Thriller",717919,11/22/13,Francis Lawrence,"Lionsgate, Color Force",71.583,United States of America,en,865011746,299,130000000,2013,The Hunger Games: Catching Fire,2
,https://www.imdb.com/title/tt1951265/,Movie,6.6,123.0,"Action, Adventure, Sci-Fi, Thriller",499855,11/21/14,Francis Lawrence,"Lionsgate, Color Force",119.087,"Canada, United States of America",en,755356711,299,125000000,2014,The Hunger Games: Mockingjay - Part 1,3
,https://www.imdb.com/title/tt1951266/,Movie,6.5,137.0,"Action, Adventure, Sci-Fi, Thriller",370397,11/20/15,Francis Lawrence,"Lionsgate, Color Force, Studio Babelsberg",74.947,"Germany, United States of America",en,653428261,299,160000000,2015,The Hunger Games: Mockingjay - Part 2,4
,https://www.imdb.com/title/tt0203408/,Movie,3.5,100.0,"Action, Adventure, Fantasy, Sci-Fi, Thriller",5530,8/27/1999,Robert Marcarelli,Code Productions,11.321,,en,12600000,300,7200000,1999,The Omega Code,1
,https://www.imdb.com/title/tt0263728/,Movie,3.9,104.0,"Action, Adventure, Fantasy, Sci-Fi, Thriller",2957,9/21/01,Brian Trenchard-Smith,"Infinity Omnimedia, TBN Films, Gener8Xion Entertainment",9.461,United States of America,en,6000000,300,20000000,2001,Megiddo: The Omega Code 2,2
,https://www.imdb.com/title/tt1408253/,Movie,6.1,99.0,"Action, Comedy, Crime",122442,1/17/14,Tim Story,"Rainforest Entertainment, Universal Pictures, Relativity Media, Cube Vision",23.817,United States of America,en,153997819,301,25000000,2014,Ride Along,1
,https://www.imdb.com/title/tt2869728/,Movie,5.9,102.0,"Action, Comedy, Crime",62832,1/15/16,Tim Story,"Reel Chefs Catering, Universal Pictures, Will Packer Productions, Cube Vision",43.933,United States of America,en,124827316,301,40000000,2016,Ride Along 2,2
,https://www.imdb.com/title/tt1204342/,Movie,7.1,103.0,"Adventure, Comedy, Family, Musical",96624,11/23/11,James Bobin,"Walt Disney Pictures, The Muppets Studio",31.483,United States of America,en,165184237,302,45000000,2011,The Muppets,1
,https://www.imdb.com/title/tt2281587/,Movie,6.4,107.0,"Adventure, Comedy, Crime, Family, Musical, Mystery",36900,3/21/14,James Bobin,"Walt Disney Pictures, Mandeville Films, The Muppets Studio",34.001,"United Kingdom, United States of America",en,80400000,302,50000000,2014,Muppets Most Wanted,2
,https://www.imdb.com/title/tt0079588/,Movie,7.6,95.0,"Adventure, Comedy, Family, Musical",38940,6/22/1979,James Frawley,"ITC Entertainment, The Jim Henson Company, Associated Film Distribution",31.485,"United Kingdom, United States of America",en,65200000,303,8000000,1979,The Muppet Movie,1
,https://www.imdb.com/title/tt0087755/,Movie,6.8,94.0,"Adventure, Comedy, Drama, Family, Musical, Romance",22639,7/13/1984,Frank Oz,"The Jim Henson Company, Delphi II Productions, TriStar Pictures",18.842,United States of America,en,25500000,303,8000000,1984,The Muppets Take Manhattan,3
,https://www.imdb.com/title/tt0082474/,Movie,7.1,97.0,"Adventure, Comedy, Crime, Family, Musical, Mystery",16638,6/26/1981,Jim Henson,"ITC Entertainment, The Jim Henson Company, Associated Film Distribution, Universal Pictures",10.607,"United Kingdom, United States of America",en,31200000,303,14000000,1981,The Great Muppet Caper,2
,https://www.imdb.com/title/tt0158811/,Movie,6.2,87.0,"Adventure, Comedy, Family, Fantasy, Sci-Fi",20561,7/14/1999,Tim Hill,"Columbia Pictures, Jim Henson Pictures",19.734,United States of America,en,22300000,303,24000000,1999,Muppets from Space,4
,https://www.imdb.com/title/tt2243537/,Movie,5.0,86.0,"Comedy, Fantasy, Horror",49668,1/11/13,Michael Tiddes,"Open Road Films, Endgame Entertainment, Wayans Bros. Entertainment, IM Global",45.716,United States of America,en,60141683,306,2500000,2013,A Haunted House,1
,https://www.imdb.com/title/tt2828996/,Movie,4.7,86.0,"Comedy, Fantasy, Horror",23316,4/18/14,Michael Tiddes,"Automatik Entertainment, IM Global Octane, Wayans Bros. Entertainment, Endgame Entertainment",60.451,United States of America,en,25343661,306,4000000,2014,A Haunted House 2,2
,https://www.imdb.com/title/tt1621045/,Movie,6.5,122.0,"Comedy, Romance",50124,4/20/12,Tim Story,Rainforest Entertainment,20.145,United States of America,en,96070507,307,12000000,2012,Think Like a Man,1
,https://www.imdb.com/title/tt2239832/,Movie,5.7,106.0,"Comedy, Romance",22672,6/20/14,Tim Story,Will Packer Productions,20.393,United States of America,en,70181428,307,24000000,2014,Think Like a Man Too,2
,https://www.imdb.com/title/tt0378109/,Movie,5.9,110.0,"Action, Adventure, Crime, Thriller",79327,9/30/05,John Stockwell,"Mandalay Pictures, Metro-Goldwyn-Mayer, Columbia Pictures",37.156,United States of America,en,46117696,308,50000000,2005,Into the Blue,1
,https://www.imdb.com/title/tt0865907/,Video,4.7,92.0,"Action, Adventure, Thriller",5452,4/21/09,Stephen Herek,"MGM Home Entertainment, Mandalay Pictures, Brookwell-McNamara Entertainment, Metro-Goldwyn-Mayer",29.88,United States of America,en,0,308,0,2009,Into the Blue 2: The Reef,2
,https://www.imdb.com/title/tt0090887/,Movie,6.1,86.0,"Comedy, Horror, Sci-Fi",39096,4/11/1986,Stephen Herek,"New Line Cinema, Smart Egg Pictures, Sho Films",30.907,"United Kingdom, United States of America",en,13167232,309,2000000,1986,Critters,1
,https://www.imdb.com/title/tt0094919/,Movie,5.5,86.0,"Comedy, Horror, Sci-Fi, Thriller",16731,4/29/1988,Mick Garris,"Sho Films, New Line Cinema",19.059,United States of America,en,3813293,309,4500000,1988,Critters 2: The Main Course,2
,https://www.imdb.com/title/tt0101627/,Movie,4.4,86.0,"Comedy, Horror, Sci-Fi, Thriller",13143,1/24/1992,Kristine Peterson,"OH Films, New Line Cinema",28.805,United States of America,en,0,309,0,1992,Critters 3,3
,https://www.imdb.com/title/tt0101628/,Movie,4.1,87.0,"Horror, Sci-Fi",8258,10/14/1992,Rupert Harvey,"OH Films, New Line Cinema",27.714,United States of America,en,0,309,0,1992,Critters 4,4
,https://www.imdb.com/title/tt1564349/,Movie,6.8,113.0,"Drama, Family",25614,9/23/11,Charles Martin Smith,"Arc Productions, Alcon Entertainment",25.917,United States of America,en,95404397,310,37000000,2011,Dolphin Tale,1
,https://www.imdb.com/title/tt2978462/,Movie,6.4,107.0,"Drama, Family",9771,9/12/14,Charles Martin Smith,"Alcon Entertainment, Boxing Cat Films, Color Force, St. Petersburg Clearwater Film Commision",30.958,United States of America,en,52424533,310,36000000,2014,Dolphin Tale 2,2
,https://www.imdb.com/title/tt1231587/,Movie,6.4,99.0,"Comedy, Sci-Fi",185756,3/26/10,Steve Pink,"Metro-Goldwyn-Mayer, United Artists, New Crime Productions",31.411,United States of America,en,64780213,311,36000000,2010,Hot Tub Time Machine,1
,https://www.imdb.com/title/tt2637294/,Movie,5.0,93.0,"Comedy, Mystery, Sci-Fi",41474,2/20/15,Steve Pink,"Paramount, Metro-Goldwyn-Mayer, United Artists, Panay Films",21.007,United States of America,en,64800000,311,36000000,2015,Hot Tub Time Machine 2,2
,https://www.imdb.com/title/tt1114740/,Movie,5.3,91.0,"Action, Comedy, Crime, Family",117021,1/16/09,Steve Carr,"Hey Eddie, Columbia Pictures, Relativity Media, Sony Pictures, Happy Madison Productions",27.848,United States of America,en,183293131,312,26000000,2009,Paul Blart: Mall Cop,1
,https://www.imdb.com/title/tt3450650/,Movie,4.4,94.0,"Action, Comedy, Crime, Family",40919,4/17/15,Andy Fickman,"Columbia Pictures, Hey Eddie, LStar Capital, Sony Pictures, Happy Madison Productions, Broken Road Productions",40.385,United States of America,en,107597242,312,38000000,2015,Paul Blart: Mall Cop 2,2
,https://www.imdb.com/title/tt1499658/,Movie,6.9,98.0,"Comedy, Crime",468283,7/8/11,Seth Gordon,"New Line Cinema, RAT Entertainment",45.934,United States of America,en,209800000,313,35000000,2011,Horrible Bosses,1
,https://www.imdb.com/title/tt2170439/,Movie,6.3,108.0,"Comedy, Crime",184105,11/26/14,Sean Anders,"New Line Cinema, BenderSpink, RatPac Entertainment",56.992,United States of America,en,107700000,313,42000000,2014,Horrible Bosses 2,2
,https://www.imdb.com/title/tt0435625/,Movie,7.2,99.0,"Adventure, Horror, Thriller",245435,8/4/06,Neil Marshall,"Celador Films, Northmen Productions, Pathe",31.327,United Kingdom,en,57130027,314,3500000,2006,The Descent,1
,https://www.imdb.com/title/tt1073105/,Movie,5.7,94.0,"Adventure, Horror, Thriller",51340,10/14/09,Jon Harris,Celador Films,43.575,United Kingdom,en,7048886,314,6000200,2009,The Descent: Part 2,2
,https://www.imdb.com/title/tt1082868/,Movie,6.0,89.0,"Horror, Sci-Fi, Thriller",76996,10/10/08,John Erick Dowdle,"Screen Gems, Andale Pictures, Vertigo Entertainment, Filmax, Castelao Productions",36.876,"Spain, United States of America",en,40855419,315,12000000,2008,Quarantine,1
,https://www.imdb.com/title/tt1699231/,Movie,5.2,86.0,"Horror, Sci-Fi, Thriller",20775,6/17/11,John Pogue,"Andale Pictures, Third Street Pictures, RCR Media Group, Vertigo Entertainment",18.2,United States of America,en,0,315,4000000,2011,Quarantine 2: Terminal,2
,https://www.imdb.com/title/tt1038988/,Movie,7.4,78.0,"Horror, Mystery, Thriller",195530,11/23/07,"Jaume Balagueró, Paco Plaza","Aksoy Film Production, Özen Film",12.264,Turkey,tr,28548025,316,500000,2007,REC,1
,https://www.imdb.com/title/tt1245112/,Movie,6.5,85.0,"Horror, Thriller",78183,10/2/09,"Jaume Balagueró, Paco Plaza","Filmax, Castelao Productions, Canal+ España, TVE, ICO",19.446,Spain,es,18469680,316,5600000,2009,[Rec]²,2
,https://www.imdb.com/title/tt1649444/,Movie,5.0,80.0,"Comedy, Horror, Thriller",37922,3/30/12,Paco Plaza,"Filmax, Castelao Productions, Canal+ España, TVE, ONO",28.389,Spain,es,11019975,316,6400000,2012,[REC] 3: Genesis,3
,https://www.imdb.com/title/tt1649443/,Movie,5.3,95.0,"Horror, Thriller",19960,10/31/14,Jaume Balagueró,"Filmax, Castelao Productions, Rec Apocalypse AIE, Canal+ España",21.035,Spain,es,4915757,316,3000000,2014,[REC] 4: Apocalypse,4
,https://www.imdb.com/title/tt2105044/,Movie,5.8,116.0,"Horror, Mystery, Thriller",67999,9/6/12,"Matt Bettinelli-Olpin, David Bruckner, Tyler Gillett, Justin Martinez, Glenn McQuaid, Radio Silence, Joe Swanberg, Chad Villella, Ti West, Adam Wingard","The Collective, 8383 Productions, Bloody Disgusting",23.271,United States of America,en,100345,317,0,2012,V/H/S,1
,https://www.imdb.com/title/tt2450186/,Movie,6.0,96.0,"Horror, Thriller",43754,6/6/13,"Simon Barrett, Jason Eisener, Gareth Evans, Gregg Hale, Eduardo Sánchez, Timo Tjahjanto, Adam Wingard","The Collective, Bloody Disgusting, 8383 Productions, Snoot Entertainment, Haxan Films, Magnet Films",20.257,United States of America,en,21833,317,0,2013,V/H/S/2,2
,https://www.imdb.com/title/tt3704538/,Movie,4.2,81.0,"Adventure, Crime, Horror, Mystery, Thriller",19099,10/23/14,"Justin Benson, Gregg Bishop, Todd Lincoln, Aaron Moorhead, Marcel Sarmiento, Nacho Vigalondo","Bloody Disgusting, 8383 Productions, Divide / Conquer, The Collective Studios, Crafty Apes, Bishop Studios LLC, Sayaka Producciones Audiovisuales, AM Films, Studio71, Rustic Films",14.05,"Spain, United States of America",en,2756,317,0,2014,V/H/S Viral,3
,https://www.imdb.com/title/tt1703199/,Movie,6.1,92.0,"Horror, Mystery",63581,9/9/11,"Colin Minihan, Stuart Ortiz, The Vicious Brothers","Digital Interference Productions, Darclight, Twin Engine Films",20.075,Canada,en,0,319,1000000,2011,Grave Encounters,1
,https://www.imdb.com/title/tt2231554/,Movie,5.1,98.0,"Horror, Mystery",27201,10/2/12,John Poliquin,"Death Awaits Cinema, Twin Engine Films, Pink Buffalo Films",28.488,"Canada, United States of America",en,0,319,0,2012,Grave Encounters 2,2
,https://www.imdb.com/title/tt0082010/,Movie,7.5,97.0,"Comedy, Horror",119674,8/21/1981,John Landis,"American Werewolf Inc., Lyncanthrope Films, Universal Pictures, Guber/Peters Company, PSO, Polygram Pictures",32.352,"United Kingdom, United States of America",en,31973249,320,10000000,1981,An American Werewolf in London,1
,https://www.imdb.com/title/tt0118604/,Movie,5.1,98.0,"Comedy, Fantasy, Horror, Thriller",26870,12/25/1997,Anthony Waller,"Hollywood Pictures, Cometstone Pictures, J&M Entertainment, Avrora Media, Président Films, Delux Productions, Stonewood Communications, Propaganda Films, PolyGram Filmed Entertainment",26.513,"France, Germany, Luxembourg, Netherlands, United Kingdom, United States of America",en,26570463,320,22000000,1997,An American Werewolf in Paris,2
,https://www.imdb.com/title/tt0080455/,Movie,7.9,133.0,"Action, Adventure, Comedy, Crime, Music, Musical",213381,6/20/1980,John Landis,Universal Pictures,49.389,United States of America,en,115200000,321,27000000,1980,The Blues Brothers,1
,https://www.imdb.com/title/tt0118747/,Movie,4.9,123.0,"Action, Comedy, Crime, Music, Musical",34687,2/6/1998,John Landis,Universal Pictures,32.602,United States of America,en,14100000,321,28000000,1998,Blues Brothers 2000,2
,https://www.imdb.com/title/tt0058089/,Movie,6.9,104.0,"Adventure, Comedy, Crime, Fantasy",11933,11/4/1964,André Hunebelle,"P.A.C., Société Nouvelle des Établissements Gaumont (SNEG), PCM",15.323,"France, Italy",fr,0,322,0,1964,Fantomas,1
,https://www.imdb.com/title/tt0059168/,Movie,6.8,98.0,"Adventure, Comedy, Crime, Fantasy",8166,12/8/1965,"André Hunebelle, Haroun Tazieff","Gaumont, P.A.C., Da Ma Produzione, Victory Film, Story Film",15.322,"France, Italy",fr,0,322,0,1965,Fantomas Unleashed,2
,https://www.imdb.com/title/tt0060400/,Movie,6.7,100.0,"Adventure, Comedy, Crime, Fantasy",7793,3/16/1967,André Hunebelle,"Société Nouvelle de Cinématographie, P.A.C., Fair Film, Gaumont International",12.778,"France, Italy",fr,0,322,0,1967,Fantomas vs. Scotland Yard,3
,https://www.imdb.com/title/tt0106519/,Movie,7.9,144.0,"Crime, Drama, Thriller",231425,11/12/1993,Brian De Palma,"Universal Pictures, Epic Productions, Bregman/Baer Productions",43.159,United States of America,en,63800000,323,30000000,1993,Carlito's Way,1
,https://www.imdb.com/title/tt0427038/,Video,5.0,100.0,"Action, Crime, Drama, Thriller",4884,12/1/05,Michael Bregman,Rogue Pictures,14.399,United States of America,en,0,323,9000000,2005,Carlito's Way: Rise to Power,2
,https://www.imdb.com/title/tt0486597/,Video,3.8,88.0,"Action, War",1606,1/17/06,Brian Clyde,New Horizons Picture,4.751,United States of America,en,0,324,0,2006,The Hunt for Eagle One,1
,https://www.imdb.com/title/tt0816527/,Video,3.8,86.0,"Action, Adventure, Thriller",712,6/27/06,Henry Crum,Sony Pictures Home Entertainment,7.818,United States of America,en,0,324,0,2006,The Hunt for Eagle One: Crash Point,2
,https://www.imdb.com/title/tt0185908/,Video,4.6,93.0,"Action, Drama",990,6/1/1999,Mark L. Lester,"Lions Gate Films, American World Pictures (AWP)",9.1,United States of America,en,0,326,10000000,1999,The Base,1
,https://www.imdb.com/title/tt0236013/,TV Movie,4.2,97.0,"Action, Adventure",455,12/8/00,Mark L. Lester,Extreme Championship Wrestling (ECW),3.006,United States of America,en,0,326,0,2000,Guilty as Charged,2
,https://www.imdb.com/title/tt0089175/,Movie,7.1,106.0,Horror,78160,8/2/1985,Tom Holland,"Columbia Pictures, Delphi IV Productions, Vistar Films",42.023,United States of America,en,24922237,327,9000000,1985,Fright Night,1
,https://www.imdb.com/title/tt0097390/,Movie,5.9,104.0,"Comedy, Horror, Thriller",14175,5/19/1989,Tommy Lee Wallace,The Vista Organization,18.301,United States of America,en,2983784,327,0,1989,Fright Night Part 2,2
,https://www.imdb.com/title/tt1438176/,Movie,6.4,106.0,"Comedy, Horror",112772,8/19/11,Craig Gillespie,"Gaeta / Rosenzweig Films, DreamWorks Pictures, Michael De Luca Productions, Reliance Entertainment",34.024,"India, United States of America",en,41002607,327,30000000,2011,Fright Night,3
,https://www.imdb.com/title/tt2486630/,Video,4.3,100.0,"Comedy, Horror, Thriller",7418,10/1/13,Eduardo Rodriguez,Gaeta / Rosenzweig Films,21.931,United States of America,en,0,327,8000000,2013,Fright Night 2,4
,https://www.imdb.com/title/tt0094862/,Movie,6.7,87.0,"Horror, Thriller",115960,11/9/1988,Tom Holland,"United Artists, David Kirschner Productions",55.609,United States of America,en,44196684,328,9000000,1988,Child's Play,1
,https://www.imdb.com/title/tt0099253/,Movie,5.9,84.0,"Horror, Thriller",57313,11/9/1990,John Lafia,Universal Pictures,41.718,United States of America,en,35763605,328,13000000,1990,Child's Play 2,2
,https://www.imdb.com/title/tt0103956/,Movie,5.2,90.0,"Horror, Thriller",45905,8/30/1991,Jack Bender,Universal Pictures,48.454,United States of America,en,20560255,328,13000000,1991,Child's Play 3,3
,https://www.imdb.com/title/tt0144120/,Movie,5.6,89.0,"Comedy, Horror, Thriller",63937,10/16/1998,Ronny Yu,"Universal Pictures, Midwinter Productions Inc., David Kirschner Productions",51.992,United States of America,en,50671850,328,25000000,1998,Bride of Chucky,4
,https://www.imdb.com/title/tt0387575/,Movie,4.9,87.0,"Comedy, Horror, Thriller",49614,11/12/04,Don Mancini,"David Kirschner Productions, La Sienega Productions",50.128,United States of America,en,24829644,328,12000000,2004,Seed of Chucky,5
,https://www.imdb.com/title/tt2230358/,Movie,5.6,97.0,"Horror, Thriller",43377,9/24/13,Don Mancini,Universal 1440 Entertainment,53.278,United States of America,en,3800000,328,5000000,2013,Curse of Chucky,6
,https://www.imdb.com/title/tt3280262/,Movie,5.3,91.0,"Horror, Thriller",29520,10/3/17,Don Mancini,Universal 1440 Entertainment,46.936,"Canada, United States of America",en,2200000,328,6500000,2017,Cult of Chucky,7
,https://www.imdb.com/title/tt1386925/,Movie,5.7,105.0,"Action, Adventure, Drama, Horror, Sci-Fi, Thriller",9622,10/1/11,"Howard J. Ford, Jonathan Ford","AT-X, Madhouse",7.56,Japan,ja,0,330,0,2011,The Dead,1
,https://www.imdb.com/title/tt2917336/,Movie,5.1,98.0,Horror,2142,1/10/15,"Howard J. Ford, Jonathan Ford","Latitude Films, Road Trip Pictures",8.824,United Kingdom,en,0,330,0,2015,The Dead 2: India,2
,https://www.imdb.com/title/tt0209958/,Movie,6.4,107.0,"Crime, Horror, Sci-Fi, Thriller",108704,8/18/00,Tarsem Singh,"Caro-McLeod, Katira Productions GmbH & Co. KG, New Line Cinema, Avery Pix, RadicalMedia",30.902,"Germany, United States of America",en,104155843,331,33000000,2000,The Cell,1
,https://www.imdb.com/title/tt1185837/,Video,2.8,94.0,"Horror, Sci-Fi, Thriller",2975,6/16/09,Tim Iacofano,"Silverstein / Barder Company, New Line Cinema",13.306,United States of America,en,0,331,0,2009,The Cell 2,2
,https://www.imdb.com/title/tt0097815/,Movie,7.2,107.0,"Comedy, Sport",75817,4/7/1989,David S. Ward,"Mirage Enterprises, Morgan Creek Entertainment",22.516,United States of America,en,75000000,332,11000000,1989,Major League,1
,https://www.imdb.com/title/tt0110442/,Movie,5.6,105.0,"Comedy, Sport",27890,3/30/1994,David S. Ward,Morgan Creek Entertainment,24.94,United States of America,en,30626182,332,25000000,1994,Major League II,2
,https://www.imdb.com/title/tt0120742/,Movie,4.7,100.0,"Comedy, Sport",8088,4/17/1998,John Warren,Morgan Creek Entertainment,17.842,United States of America,en,3572443,332,18000000,1998,Major League: Back to the Minors,3
,https://www.imdb.com/title/tt0790686/,Movie,6.1,110.0,"Horror, Mystery",113411,8/15/08,Alexandre Aja,"Regency Enterprises, New Regency Pictures, Luna Pictures, ASAF, Castel Film",35.44,"Romania, United States of America",en,72400000,333,35000000,2008,Mirrors,1
,https://www.imdb.com/title/tt1576699/,Video,4.8,86.0,"Horror, Mystery",13508,10/19/10,Víctor Garcia,"Upload Films, Fox 2000 Pictures",22.481,United States of America,en,0,333,0,2010,Mirrors 2,2
,https://www.imdb.com/title/tt0464154/,Movie,5.5,88.0,"Comedy, Horror",96280,8/20/10,Alexandre Aja,"Atmosphere Entertainment MM, Chako Film Company, Dimension Films, Intellectual Properties Worldwide, Aja / Levasseur Productions",64.398,United States of America,en,83188165,334,24000000,2010,Piranha 3D,1
,https://www.imdb.com/title/tt1714203/,Movie,3.8,83.0,"Comedy, Horror, Sci-Fi, Thriller",45218,7/14/12,John Gulager,"Dimension Films, Mark Canton Productions, Intellectual Properties Worldwide",29.14,United States of America,en,8493728,334,5000000,2012,Piranha 3DD,2
,https://www.imdb.com/title/tt0454841/,Movie,6.4,107.0,"Horror, Thriller",182471,3/10/06,Alexandre Aja,"Fox Searchlight Pictures, Craven-Maddalena Films, Major Studio Partners, Dune Entertainment",59.849,"France, United States of America",en,69623713,335,15000000,2006,The Hills Have Eyes,1
,https://www.imdb.com/title/tt0800069/,Movie,5.1,89.0,"Horror, Thriller",67415,3/23/07,Martin Weisz,"Fox Atomic, Craven-Maddalena Films, Dune Entertainment",37.076,United States of America,en,37697773,335,15000000,2007,The Hills Have Eyes 2,2
,https://www.imdb.com/title/tt1242432/,Movie,6.2,108.0,"Horror, Thriller",92587,6/17/10,Steven R. Monroe,"Anchor Bay Films, CineTel Films",52.108,United States of America,en,572809,446,2000000,2010,I Spit on Your Grave,1
,https://www.imdb.com/title/tt2537176/,Movie,5.7,106.0,"Horror, Thriller",32690,9/5/13,Steven R. Monroe,CineTel Films,42.061,United States of America,en,678604,446,0,2013,I Spit on Your Grave 2,2
,https://www.imdb.com/title/tt0844479/,Movie,6.3,90.0,"Horror, Thriller",71806,7/31/09,Marcus Dunstan,"Imaginarium Entertainment Group, Fortress Features, LD Entertainment",19.133,United States of America,en,114000000,336,3400000,2009,The Collector,1
,https://www.imdb.com/title/tt1748227/,Movie,6.1,82.0,"Horror, Thriller",53829,11/30/12,Marcus Dunstan,"Fortress Features, LD Entertainment",40.986,United States of America,en,6842058,336,0,2012,The Collection,2
,https://www.imdb.com/title/tt0077681/,Movie,6.3,90.0,"Horror, Thriller",38969,7/22/1977,Wes Craven,Blood Relations Co.,23.118,United States of America,en,25000000,337,325000,1977,The Hills Have Eyes,1
,https://www.imdb.com/title/tt0089274/,Movie,3.8,86.0,"Horror, Thriller",7324,8/2/1985,Wes Craven,"VTC, New Realm Entertainments, Hills Two Corporation",18.534,"United Kingdom, United States of America",en,0,337,1000000,1985,The Hills Have Eyes Part II,2
,https://www.imdb.com/title/tt0389722/,Movie,6.6,113.0,"Action, Horror, Thriller",188642,10/19/07,David Slade,"HorrorFlix, Columbia Pictures, Ghost House Pictures, Dark Horse Entertainment, Mandate International",26.572,"New Zealand, United States of America",en,75505973,447,30000000,2007,30 Days of Night,1
,https://www.imdb.com/title/tt1320304/,Video,4.3,92.0,"Horror, Thriller",14237,10/5/10,Ben Ketai,Ghost House Pictures,24.466,United States of America,en,0,447,0,2010,30 Days of Night: Dark Days,2
,https://www.imdb.com/title/tt0472399/,Movie,6.5,93.0,"Action, Crime, Thriller",170888,1/28/11,Simon West,"CBS Films, Nu Image, Millenium Films, Chartoff-Winkler Productions",71.537,United States of America,en,51070807,338,40000000,2011,The Mechanic,1
,https://www.imdb.com/title/tt3522806/,Movie,5.7,98.0,"Action, Adventure, Crime, Thriller",92712,8/26/16,Dennis Gansel,"Davis Films, ME2 Productions, Millennium Media, Chartoff-Winkler Productions, Summit Entertainment",74.903,"France, United States of America, Thailand",en,125729635,338,40000000,2016,Mechanic: Resurrection,2
,https://www.imdb.com/title/tt1637725/,Movie,6.9,106.0,Comedy,653930,6/29/12,Seth MacFarlane,"Universal Pictures, MRC, Fuzzy Door Productions, Bluegrass Films, Smart Entertainment",78.084,United States of America,en,549368315,339,50000000,2012,Ted,1
,https://www.imdb.com/title/tt2637276/,Movie,6.3,115.0,Comedy,232289,6/26/15,Seth MacFarlane,"Smart Entertainment, Universal Pictures, Fuzzy Door Productions, Bluegrass Films, MRC",133.5,United States of America,en,215863606,339,68000000,2015,Ted 2,2
,https://www.imdb.com/title/tt0084516/,Movie,7.3,114.0,"Horror, Thriller",178698,6/4/1982,Tobe Hooper,"Metro-Goldwyn-Mayer, Steven Spielberg Productions, SLM Production Group",33.048,United States of America,en,122200000,340,10700000,1982,Poltergeist,1
,https://www.imdb.com/title/tt0091778/,Movie,5.7,91.0,Horror,29732,5/23/1986,Brian Gibson,Metro-Goldwyn-Mayer,19.527,United States of America,en,40996665,340,19000000,1986,Poltergeist II: The Other Side,2
,https://www.imdb.com/title/tt0095889/,Movie,4.7,98.0,"Horror, Thriller",20360,6/10/1988,Gary Sherman,Metro-Goldwyn-Mayer,19.017,United States of America,en,14144000,340,10500000,1988,Poltergeist III,3
,https://www.imdb.com/title/tt1899353/,Movie,7.6,101.0,"Action, Crime, Thriller",216221,4/13/12,Gareth Evans,"Celluloid Dreams, PT. Merantau Films, XYZ Films, Stage 6 Films",24.45,"France, Indonesia, United States of America",id,9148519,342,1100000,2012,The Raid: Redemption,1
,https://www.imdb.com/title/tt2265171/,Movie,7.9,150.0,"Action, Crime, Thriller",130820,4/11/14,Gareth Evans,"XYZ Films, PT. Merantau Films, Stage 6 Films, Sony Pictures Classics",35.701,"Indonesia, United States of America",id,6566916,342,4500000,2014,The Raid 2,2
,https://www.imdb.com/title/tt0034587/,Movie,7.2,73.0,"Fantasy, Horror, Thriller",25823,12/25/1942,Jacques Tourneur,RKO Radio Pictures,23.705,United States of America,en,4000000,343,134000,1942,Cat People,1
,https://www.imdb.com/title/tt0036733/,Movie,6.7,70.0,"Drama, Horror, Mystery",7150,4/191944,"Gunther von Fritsch, Robert Wise",RKO Radio Pictures,11.154,United States of America,en,0,343,0,1944,The Curse of the Cat People,2
,https://www.imdb.com/title/tt0903624/,Movie,7.8,169.0,"Adventure, Fantasy",869283,12/14/12,Peter Jackson,"New Line Cinema, Metro-Goldwyn-Mayer, WingNut Films, Warner Bros. Pictures",103.388,"New Zealand, United States of America",en,1021103568,344,250000000,2012,The Hobbit: An Unexpected Journey,1
,https://www.imdb.com/title/tt1170358/,Movie,7.8,161.0,"Adventure, Drama, Fantasy",701755,12/13/13,Peter Jackson,"New Line Cinema, Metro-Goldwyn-Mayer, WingNut Films, Warner Bros. Pictures",96.023,"New Zealand, United States of America",en,958400000,344,250000000,2013,The Hobbit: The Desolation of Smaug,2
,https://www.imdb.com/title/tt2310332/,Movie,7.4,144.0,"Adventure, Fantasy",568691,12/17/14,Peter Jackson,"New Line Cinema, Metro-Goldwyn-Mayer, WingNut Films, Warner Bros. Pictures",171.423,"New Zealand, United States of America",en,956019788,344,250000000,2014,The Hobbit: The Battle of the Five Armies,3
,https://www.imdb.com/title/tt0094291/,Movie,7.3,126.0,"Crime, Drama",164565,12/11/1987,Oliver Stone,20th Century Fox,40.408,United States of America,en,43900000,345,15000000,1987,Wall Street,1
,https://www.imdb.com/title/tt1027718/,Movie,6.2,133.0,Drama,106385,9/24/10,Oliver Stone,"Pressman Film, Dune Entertainment III, Dune Entertainment, 20th Century Fox",24.207,United States of America,en,134748021,345,70000000,2010,Wall Street: Money Never Sleeps,2
,https://www.imdb.com/title/tt0058461/,Movie,7.9,99.0,"Action, Drama, Western",231366,1/18/1967,Sergio Leone,"Jolly Film, Ocean Films, United Artists, Constantin Film",41.995,"Germany, Spain, Italy",it,14500000,346,200000,1967,A Fistful of Dollars,1
,https://www.imdb.com/title/tt0059578/,Movie,8.2,132.0,"Drama, Western",273191,5/10/1967,Sergio Leone,"PEA, Constantin Film, Arturo González Producciones Cinematográficas, United Artists",38.042,"Germany, Italy, Spain",it,15000000,346,600000,1967,For a Few Dollars More,2
,https://www.imdb.com/title/tt0060196/,Movie,8.8,178.0,"Adventure, Western",807067,12/29/1967,Sergio Leone,"United Artists, PEA, Arturo González Producciones Cinematográficas, Constantin Film",78.851,"United States of America, Italy, Spain, Germany",it,38900000,346,1200000,1967,"The Good, the Bad and the Ugly",3
,https://www.imdb.com/title/tt0096487/,Movie,6.8,107.0,"Action, Drama, Western",67587,8/12/1988,Christopher Cain,"Morgan Creek Entertainment, 20th Century Fox",25.08,United States of America,en,44700000,347,13000000,1988,Young Guns,1
,https://www.imdb.com/title/tt0100994/,Movie,6.5,104.0,"Action, Drama, Western",38837,8/1/1990,Geoff Murphy,"Morgan Creek Entertainment, 20th Century Fox",19.13,United States of America,en,59000000,347,20000000,1990,Young Guns II,2
,https://www.imdb.com/title/tt0266543/,Movie,8.2,100.0,"Animation, Adventure, Comedy, Family",1107636,5/30/03,"Andrew Stanton, Lee Unkrich",Pixar,126.07,United States of America,en,940335536,348,94000000,2003,Finding Nemo,1
,https://www.imdb.com/title/tt2277860/,Movie,7.2,97.0,"Animation, Adventure, Comedy, Family",301545,6/17/16,"Andrew Stanton, Angus MacLane","Pixar, Walt Disney Pictures",64.702,United States of America,en,1028600000,348,200000000,2016,Finding Dory,2
,https://www.imdb.com/title/tt0103759/,Movie,7.0,96.0,"Crime, Drama, Thriller",47528,12/17/1992,Abel Ferrara,Bad Lt. Productions,24.509,United States of America,en,2019469,349,1000000,1992,Bad Lieutenant,1
,https://www.imdb.com/title/tt1095217/,Movie,6.6,122.0,"Crime, Drama, Mystery",80677,12/11/09,Werner Herzog,"Nu Image, Pressman Film, Saturn Films, Polsky Films, Osiris Productions, Lieutenant Productions, Millennium Media",38.199,United States of America,en,10589102,349,25000000,2009,Bad Lieutenant: Port of Call New Orleans,2
,https://www.imdb.com/title/tt0936501/,Movie,7.7,90.0,"Action, Crime, Thriller",631852,1/30/09,Pierre Morel,"Wintergreen Productions, EuropaCorp, M6 Films, Grive Productions, TPS Star, M6, All Pictures Media, 20th Century Fox, Canal+, Seaside Film Taken",119.009,"France, United States of America",en,226830568,350,25000000,2009,Taken,1
,https://www.imdb.com/title/tt1397280/,Movie,6.2,92.0,"Action, Crime, Thriller",321645,10/5/12,Olivier Megaton,"EuropaCorp, Grive Productions, M6 Films, Ciné+, 20th Century Fox, Canal+, Dune Entertainment, Taken 2, Fox International Productions",101.689,"France, United States of America",en,376100000,350,45000000,2012,Taken 2,2
,https://www.imdb.com/title/tt2446042/,Movie,6.0,108.0,"Action, Adventure, Crime, Drama, Mystery, Thriller",203360,1/9/15,Olivier Megaton,"EuropaCorp, M6, TSG Entertainment, 20th Century Fox, Fox International Productions, Canal+, Ciné+, M6 Films",164.48,"France, United States of America",en,325800000,350,48000000,2015,Taken 3,3
,https://www.imdb.com/title/tt0085127/,Movie,7.2,105.0,"Action, Adventure, Comedy",18404,12/22/1983,"Jackie Chan, Sammo Kam-Bo Hung","Golden Harvest Company Ltd., Paragon Films Ltd., Orange Sky Golden Harvest",20.475,Hong Kong,cn,18000000,351,0,1983,Project A,1
,https://www.imdb.com/title/tt0092501/,Movie,7.0,101.0,"Action, Comedy, Crime",11264,8/19/1987,Jackie Chan,Tai Entertainment,0.683,Thailand,th,0,351,0,1987,Project A 2,2
,https://www.imdb.com/title/tt1060277/,Movie,7.0,85.0,"Horror, Sci-Fi, Thriller",418999,1/18/08,Matt Reeves,Bad Robot,40.377,United States of America,en,170764026,352,25000000,2008,Cloverfield,1
,https://www.imdb.com/title/tt1179933/,Movie,7.2,103.0,"Drama, Horror, Mystery, Sci-Fi, Thriller",352771,3/11/16,Dan Trachtenberg,Bad Robot,40.066,United States of America,en,110216998,352,15000000,2016,10 Cloverfield Lane,2
,https://www.imdb.com/title/tt2302755/,Movie,6.5,119.0,"Action, Thriller",291329,3/22/13,Antoine Fuqua,"Millennium Media, G-BASE, Nu Image",54.035,United States of America,en,170270201,353,70000000,2013,Olympus Has Fallen,1
,https://www.imdb.com/title/tt3300542/,Movie,5.9,99.0,"Action, Thriller",168902,3/4/16,Babak Najafi,"Millennium Media, Gramercy Pictures, G-BASE, LHF Film, Nu Boyana Film Studios",43.315,"Bulgaria, United States of America",en,205754447,353,60000000,2016,London Has Fallen,2
,https://www.imdb.com/title/tt0259446/,Movie,6.6,95.0,"Comedy, Drama, Romance",144054,8/2/02,Joel Zwick,"Gold Circle Films, HBO, MPH Entertainment Productions, Playtone",25.926,"Canada, United States of America",en,368744044,354,5000000,2002,My Big Fat Greek Wedding,1
,https://www.imdb.com/title/tt3760922/,Movie,6.0,94.0,"Comedy, Romance",35350,3/25/16,Kirk Jones,"Universal Pictures, Gold Circle Films, HBO Films, Playtone, Mandate International",19.719,"Canada, United States of America",en,90632641,354,18000000,2016,My Big Fat Greek Wedding 2,2
,https://www.imdb.com/title/tt0770828/,Movie,7.1,143.0,"Action, Adventure, Sci-Fi",809228,6/14/13,Zack Snyder,"DC Entertainment, Syncopy, Peters Entertainment, Warner Bros. Pictures",71.476,"United Kingdom, United States of America",en,668045518,355,225000000,2013,Man of Steel,1
,https://www.imdb.com/title/tt2975590/,Movie,6.5,151.0,"Action, Adventure, Sci-Fi",750221,3/25/16,Zack Snyder,"Warner Bros. Pictures, RatPac Entertainment, Atlas Entertainment, DC Entertainment, Cruel & Unusual Films",72.659,United States of America,en,873637528,355,250000000,2016,Batman v Superman: Dawn of Justice,2
,https://www.imdb.com/title/tt0974015/,Movie,6.1,120.0,"Action, Adventure, Fantasy, Sci-Fi",477098,11/17/17,Zack Snyder,"RatPac Entertainment, Cruel & Unusual Films, Atlas Entertainment, Warner Bros. Pictures, DC Films",123.886,United States of America,en,657900000,355,300000000,2017,Justice League,3
,https://www.imdb.com/title/tt0848228/,Movie,8.0,143.0,"Action, Sci-Fi",1454264,5/4/12,Joss Whedon,Marvel Studios,133.812,United States of America,en,1518815515,356,220000000,2012,The Avengers,1
,https://www.imdb.com/title/tt2395427/,Movie,7.3,141.0,"Action, Adventure, Sci-Fi",917413,5/1/15,Joss Whedon,Marvel Studios,106.345,United States of America,en,1405403694,356,365000000,2015,Avengers: Age of Ultron,2
,https://www.imdb.com/title/tt4154756/,Movie,8.4,149.0,"Action, Adventure, Sci-Fi",1193644,4/27/18,"Anthony Russo, Joe Russo",Marvel Studios,216.964,United States of America,en,2052415039,356,300000000,2018,Avengers: Infinity War,3
,https://www.imdb.com/title/tt4154796/,Movie,8.4,181.0,"Action, Adventure, Drama, Sci-Fi",1256045,4/26/19,"Anthony Russo, Joe Russo",Marvel Studios,125.139,United States of America,en,2800000000,356,356000000,2019,Avengers: Endgame,4
,https://www.imdb.com/title/tt0800369/,Movie,7.0,115.0,"Action, Fantasy",896535,5/6/11,Kenneth Branagh,"Marvel Studios, Marvel Entertainment",104.864,United States of America,en,449326618,357,150000000,2011,Thor,1
,https://www.imdb.com/title/tt1981115/,Movie,6.8,112.0,"Action, Adventure, Fantasy",722036,11/8/13,Alan Taylor,Marvel Studios,79.702,United States of America,en,644783140,357,170000000,2013,Thor: The Dark World,2
,https://www.imdb.com/title/tt3501632/,Movie,7.9,130.0,"Action, Adventure, Comedy, Fantasy, Sci-Fi",811876,11/3/17,Taika Waititi,Marvel Studios,115.977,United States of America,en,855301806,357,180000000,2017,Thor: Ragnarok,3
,https://www.imdb.com/title/tt0458339/,Movie,6.9,124.0,"Action, Adventure, Sci-Fi",893028,7/22/11,Joe Johnston,"Marvel Studios, Marvel Entertainment",48.788,United States of America,en,370569774,358,140000000,2011,Captain America: The First Avenger,1
,https://www.imdb.com/title/tt1843866/,Movie,7.7,136.0,"Action, Adventure, Sci-Fi, Thriller",895308,4/4/14,"Anthony Russo, Joe Russo",Marvel Studios,53.548,United States of America,en,714766572,358,170000000,2014,Captain America: The Winter Soldier,2
,https://www.imdb.com/title/tt3498820/,Movie,7.8,147.0,"Action, Sci-Fi",845586,5/6/16,"Anthony Russo, Joe Russo",Marvel Studios,103.571,United States of America,en,1155046416,358,250000000,2016,Captain America: Civil War,3
,https://www.imdb.com/title/tt1431045/,Movie,8.0,108.0,"Action, Comedy",1118161,2/12/16,Tim Miller,"20th Century Fox, The Donners' Company, Genre Films",186.272,United States of America,en,782837347,359,58000000,2016,Deadpool,1
,https://www.imdb.com/title/tt5463162/,Movie,7.6,119.0,"Action, Adventure, Comedy, Sci-Fi",640613,5/18/18,David Leitch,"Maximum Effort, Genre Films, 20th Century Fox",131.241,United States of America,en,785896632,359,110000000,2018,Deadpool 2,2
,https://www.imdb.com/title/tt2184339/,Movie,5.7,85.0,"Horror, Sci-Fi, Thriller",238942,6/7/13,James DeMonaco,"Universal Pictures, Why Not Productions, Platinum Dunes, Blumhouse Productions",46.404,"France, United States of America",en,89328627,360,3000000,2013,The Purge,1
,https://www.imdb.com/title/tt2975578/,Movie,6.4,103.0,"Action, Horror, Sci-Fi, Thriller",161659,7/18/14,James DeMonaco,"Why Not Productions, Platinum Dunes, Blumhouse Productions, 5150 Action, Universal Pictures",67.364,"France, United States of America",en,111928365,360,9000000,2014,The Purge: Anarchy,2
,https://www.imdb.com/title/tt4094724/,Movie,6.0,108.0,"Action, Horror, Sci-Fi, Thriller",109489,7/1/16,James DeMonaco,"Why Not Productions, Universal Pictures, Blumhouse Productions, Platinum Dunes, Dentsu Entertainment, Fuji Television Network",64.137,"France, Japan, United States of America",en,118587880,360,10000000,2016,The Purge: Election Year,3
,https://www.imdb.com/title/tt0196229/,Movie,6.5,90.0,Comedy,290538,9/28/01,Ben Stiller,"Paramount, Village Roadshow Pictures, VH1, NPV Entertainment, Scott Rudin Productions, Red Hour, MFP Munich Film Partners GmbH & Company I. Produktions KG, VH1 Productions, Scott Rudin",51.565,"Australia, Germany, United States of America",en,60800000,361,28000000,2001,Zoolander,1
,https://www.imdb.com/title/tt1608290/,Movie,4.7,101.0,"Action, Adventure, Comedy, Mystery, Romance",75255,2/12/16,Ben Stiller,"Paramount, Red Hour, Scott Rudin Productions",52.155,United States of America,en,56700000,361,50000000,2016,Zoolander 2,2
,https://www.imdb.com/title/tt1014759/,Movie,6.4,108.0,"Adventure, Family, Fantasy, Mystery",439159,3/5/10,Tim Burton,"Walt Disney Pictures, Roth Films, Team Todd, Tim Burton Productions, The Zanuck Company",102.713,United States of America,en,1025467110,362,200000000,2010,Alice in Wonderland,1
,https://www.imdb.com/title/tt2567026/,Movie,6.2,113.0,"Adventure, Family, Fantasy, Mystery",121392,5/27/16,James Bobin,"Legend3D, Walt Disney Pictures, Roth Films, Team Todd, Tim Burton Productions",57.279,"United Kingdom, United States of America",en,299457024,362,170000000,2016,Alice Through the Looking Glass,2
,https://www.imdb.com/title/tt0116629/,Movie,7.0,145.0,"Action, Adventure, Sci-Fi",603332,7/3/1996,Roland Emmerich,,6.495,,en,0,363,0,1996,Independence Day,1
,https://www.imdb.com/title/tt1628841/,Movie,5.2,120.0,"Action, Adventure, Sci-Fi",188167,6/24/16,Roland Emmerich,"20th Century Fox, TSG Entertainment, Centropolis Entertainment, Stereo D",65.914,United States of America,en,389681935,363,165000000,2016,Independence Day: Resurgence,2
,https://www.imdb.com/title/tt0217869/,Movie,7.3,106.0,"Drama, Mystery, Sci-Fi, Thriller",439220,11/22/00,M. Night Shyamalan,"Limited Edition Productions Inc., Barry Mendel Productions, Blinding Edge Pictures, Touchstone Pictures",46.883,United States of America,en,248100000,364,75000000,2000,Unbreakable,1
,https://www.imdb.com/title/tt4972582/,Movie,7.3,117.0,"Horror, Thriller",546587,1/20/17,M. Night Shyamalan,"Universal Pictures, Blinding Edge Pictures, Blumhouse Productions",95.247,United States of America,en,278454358,364,9000000,2017,Split,2
,https://www.imdb.com/title/tt6823368/,Movie,6.6,129.0,"Drama, Horror, Sci-Fi, Thriller",265489,1/18/19,M. Night Shyamalan,"Universal Pictures, Perfect World Pictures, Blinding Edge Pictures, Blumhouse Productions",51.528,United States of America,en,247000000,364,20000000,2019,Glass,3
,https://www.imdb.com/title/tt0054997/,Movie,8.0,134.0,"Drama, Sport",86536,9/25/1961,Robert Rossen,"Rossen Films, 20th Century Fox",19.48,United States of America,en,7600000,365,2000000,1961,The Hustler,1
,https://www.imdb.com/title/tt0090863/,Movie,7.0,119.0,"Drama, Sport",92841,10/17/1986,Martin Scorsese,"Touchstone Pictures, Silver Screen Partners II",26.104,United States of America,en,52293982,365,13800000,1986,The Color of Money,2
,https://www.imdb.com/title/tt0300532/,Movie,5.7,104.0,"Drama, Romance, Sport",32820,8/16/02,John Stockwell,"Shutt/Jones Productions, Universal Pictures, Imagine Entertainment, Mikona Productions",23.74,"Germany, United States of America, Brazil",en,51842679,365,25000000,2002,Blue Crush,3
,https://www.imdb.com/title/tt1630626/,Video,5.3,113.0,"Drama, Romance, Sport",3896,6/7/11,Mike Elliott,"Capital Arts Entertainment, Universal Studios Home Entertainment, Imagine Entertainment, Moonlighting Films, Universal Pictures",17.465,"South Africa, United States of America",en,0,365,7000000,2011,Blue Crush 2,4
,https://www.imdb.com/title/tt0117951/,Movie,8.1,93.0,Drama,722744,8/9/1996,Danny Boyle,"Figment Films, Film4 Productions, The Noel Gay Motion Picture Company",36.782,United Kingdom,en,72000000,366,4000000,1996,Trainspotting,1
,https://www.imdb.com/title/tt2763304/,Movie,7.2,117.0,"Comedy, Crime, Drama",132408,3/31/17,Danny Boyle,"Creative Scotland, DNA Films, Decibel Films, Film4 Productions, Cloud Eight Films, TriStar Pictures, LStar Capital",23.933,"United Kingdom, United States of America",en,42100000,366,18000000,2017,T2 Trainspotting,2
,https://www.imdb.com/title/tt0083658/,Movie,8.1,117.0,"Action, Drama, Sci-Fi, Thriller",819069,6/25/1982,Ridley Scott,"Shaw Brothers, The Ladd Company, Warner Bros. Pictures",62.913,"United States of America, Hong Kong, United Kingdom",en,41722424,367,28000000,1982,Blade Runner,1
,https://www.imdb.com/title/tt1856101/,Movie,8.0,164.0,"Action, Drama, Mystery, Sci-Fi, Thriller",656541,10/6/17,Denis Villeneuve,"Alcon Entertainment, Columbia Pictures, Scott Free Productions, Bud Yorkin Productions, Torridon Films, 16:14 Entertainment, Thunderbird Entertainment",124.531,"Canada, United Kingdom, United States of America",en,259239658,367,150000000,2017,Blade Runner 2049,2
,https://www.imdb.com/title/tt1446714/,Movie,7.0,124.0,"Adventure, Mystery, Sci-Fi",641456,6/8/12,Ridley Scott,"Dune Entertainment, Scott Free Productions, 20th Century Fox, Brandywine Productions",67.661,"United Kingdom, United States of America",en,403354469,368,130000000,2012,Prometheus,1
,https://www.imdb.com/title/tt2316204/,Movie,6.4,122.0,"Horror, Sci-Fi, Thriller",302061,5/19/17,Ridley Scott,"Scott Free Productions, 20th Century Fox, Brandywine Productions",78.659,"United Kingdom, United States of America",en,240891763,368,97000000,2017,Alien: Covenant,2
,https://www.imdb.com/title/tt1318514/,Movie,7.6,105.0,"Action, Drama, Sci-Fi, Thriller",555543,8/5/11,Rupert Wyatt,"Dune Entertainment III, Dune Entertainment, Chernin Entertainment, Ingenious Media, Big Screen Productions, 20th Century Fox",83.115,United States of America,en,482900000,369,93000000,2011,Rise of the Planet of the Apes,1
,https://www.imdb.com/title/tt2103281/,Movie,7.6,130.0,"Action, Adventure, Drama, Sci-Fi, Thriller",466028,7/11/14,Matt Reeves,"TSG Entertainment, Chernin Entertainment, Ingenious Media",139.116,United States of America,en,710600000,369,170000000,2014,Dawn of the Planet of the Apes,2
,https://www.imdb.com/title/tt3450958/,Movie,7.4,140.0,"Action, Adventure, Drama, Sci-Fi, Thriller",280083,7/14/17,Matt Reeves,"20th Century Fox, TSG Entertainment, Chernin Entertainment",92.853,United States of America,en,490700000,369,150000000,2017,War for the Planet of the Apes,3
,https://www.imdb.com/title/tt0796366/,Movie,7.9,127.0,"Action, Adventure, Sci-Fi",619036,5/8/09,J.J. Abrams,"Paramount, Spyglass Entertainment, Bad Robot",66.118,United States of America,en,385700000,370,150000000,2009,Star Trek,1
,https://www.imdb.com/title/tt1408101/,Movie,7.7,132.0,"Action, Adventure, Sci-Fi",496204,5/16/13,J.J. Abrams,"Bad Robot, Paramount, Skydance Media",49.417,United States of America,en,467400000,370,190000000,2013,Star Trek Into Darkness,2
,https://www.imdb.com/title/tt2660888/,Movie,7.0,122.0,"Action, Adventure, Sci-Fi, Thriller",257716,7/22/16,Justin Lin,"Skydance Media, Paramount, Bad Robot, Perfect Storm Entertainment, Sneaky Shark",68.298,United States of America,en,343500000,370,185000000,2016,Star Trek Beyond,3
,https://www.imdb.com/title/tt0087363/,Movie,7.3,106.0,"Comedy, Fantasy, Horror",246537,6/8/1984,Joe Dante,"Amblin Entertainment, Warner Bros. Pictures, Warner Bros.",48.009,United States of America,en,153083102,371,11000000,1984,Gremlins,1
,https://www.imdb.com/title/tt0099700/,Movie,6.4,106.0,"Comedy, Fantasy, Horror",112242,6/15/1990,"Joe Dante, Chuck Jones","Amblin Entertainment, Warner Bros. Pictures, Warner Bros.",41.172,United States of America,en,41482207,371,50000000,1990,Gremlins 2: The New Batch,2
,https://www.imdb.com/title/tt0109686/,Movie,7.3,107.0,Comedy,409799,12/16/1994,"Peter Farrelly, Bobby Farrelly","New Line Cinema, Motion Picture Corporation of America",60.192,United States of America,en,247275374,372,16000000,1994,Dumb and Dumber,1
,https://www.imdb.com/title/tt0329028/,Movie,3.4,85.0,Comedy,42283,6/13/03,Troy Miller,New Line Cinema,25.865,United States of America,en,39267515,372,19000000,2003,Dumb and Dumberer: When Harry Met Lloyd,2
,https://www.imdb.com/title/tt2096672/,Movie,5.6,109.0,Comedy,144633,11/14/14,"Bobby Farrelly, Peter Farrelly","New Line Cinema, Universal Pictures, Conundrum Entertainment, Red Granite Pictures",61.846,United States of America,en,169837010,372,40000000,2014,Dumb and Dumber To,3
,https://www.imdb.com/title/tt1323594/,Movie,7.6,95.0,"Animation, Adventure, Comedy, Crime, Family, Sci-Fi",581359,7/9/10,"Pierre Coffin, Chris Renaud","Illumination, Universal Pictures",92.785,United States of America,en,533700000,373,69000000,2010,Despicable Me,1
,https://www.imdb.com/title/tt1690953/,Movie,7.3,98.0,"Animation, Adventure, Comedy, Crime, Family, Sci-Fi",424068,7/3/13,"Pierre Coffin, Chris Renaud","Illumination, Universal Pictures",90.224,United States of America,en,970800000,373,76000000,2013,Despicable Me 2,2
,https://www.imdb.com/title/tt3469046/,Movie,6.2,89.0,"Animation, Adventure, Comedy, Crime, Family, Sci-Fi",152728,6/30/17,"Kyle Balda, Pierre Coffin, Eric Guillon","Illumination, Universal Pictures",80.973,United States of America,en,1031600000,373,80000000,2017,Despicable Me 3,3
,https://www.imdb.com/title/tt2802144/,Movie,7.7,129.0,"Action, Adventure, Comedy, Thriller",712539,2/13/15,Matthew Vaughn,"20th Century Fox, Marv, Cloudy Productions, TSG Entertainment",67.75,"United Kingdom, United States of America",en,414351546,374,81000000,2015,Kingsman: The Secret Service,1
,https://www.imdb.com/title/tt4649466/,Movie,6.7,141.0,"Action, Adventure, Comedy, Crime, Thriller",360867,9/22/17,Matthew Vaughn,"20th Century Fox, Marv, Cloudy Productions, TSG Entertainment, Shangri-La Entertainment",73.311,"United Kingdom, United States of America",en,410900000,374,104000000,2017,Kingsman: The Golden Circle,2
,https://www.imdb.com/title/tt6856242/,Movie,6.3,131.0,"Action, Adventure, Thriller",171840,12/22/21,Matthew Vaughn,"Marv, Cloudy Productions, 20th Century Studios",98.427,"United Kingdom, United States of America",en,125900000,374,100000000,2021,The King's Man,3
,https://www.imdb.com/title/tt1456635/,Movie,6.8,92.0,"Comedy, Drama, Sport",90571,2/24/12,Michael Dowse,"Inferno Pictures, Don Carmody Productions, Caramel Films, No Trace Camping, DragonCove Studios, Myriad Pictures",30.626,"Canada, United States of America",en,6483963,375,0,2012,Goon,1
,https://www.imdb.com/title/tt2417712/,Movie,5.8,101.0,"Comedy, Sport",14851,9/1/17,Jay Baruchel,Caramel Films,13.848,Canada,en,0,375,0,2017,Goon: Last of the Enforcers,2
,https://www.imdb.com/title/tt1790864/,Movie,6.8,113.0,"Action, Mystery, Sci-Fi, Thriller",504865,9/19/14,Wes Ball,"Ingenious Media, The Gotham Group, Dayday Films, Temple Hill Entertainment, TSG Entertainment, 20th Century Fox",145.885,"United States of America, United Kingdom",en,348319861,376,34000000,2014,The Maze Runner,1
,https://www.imdb.com/title/tt4046784/,Movie,6.3,131.0,"Action, Adventure, Sci-Fi, Thriller",273516,9/18/15,Wes Ball,"Temple Hill Entertainment, The Gotham Group, TSG Entertainment, 20th Century Fox",82.326,United States of America,en,312296056,376,61000000,2015,Maze Runner: The Scorch Trials,2
,https://www.imdb.com/title/tt4500922/,Movie,6.2,143.0,"Action, Adventure, Sci-Fi, Thriller",160730,1/26/18,Wes Ball,"The Gotham Group, Temple Hill Entertainment, 20th Century Fox",69.197,United States of America,en,288175335,376,62000000,2018,Maze Runner: The Death Cure,3
,https://www.imdb.com/title/tt1109624/,Movie,7.3,95.0,"Adventure, Comedy, Family, Fantasy",132661,1/16/15,Paul King,"Heyday Films, StudioCanal, Anton Capital Entertainment, TF1 Films Production, Canal+, Ciné+, TF1, The Weinstein Company, Dimension Films",62.826,"France, United Kingdom, United States of America",en,259207227,377,55000000,2015,Paddington,1
,https://www.imdb.com/title/tt4468740/,Movie,7.8,103.0,"Adventure, Comedy, Family, Fantasy",93118,1/12/18,Paul King,"Heyday Films, StudioCanal, Anton Capital Entertainment, Canal+, Ciné+, Marmalade Films Ltd.",41.611,"France, United Kingdom",en,227300000,377,40000000,2018,Paddington 2,2
,https://www.imdb.com/title/tt5822536/,Movie,,,"Adventure, Comedy, Family, Fantasy, Mystery",0,1/17/1925,Dougal Wilson,"Heyday Films, StudioCanal",12.288,United Kingdom,en,0,377,0,2025,Paddington in Peru,3
,https://www.imdb.com/title/tt0108394/,Movie,7.8,94.0,"Drama, Music, Mystery, Romance",109959,9/8/1993,Krzysztof Kieslowski,"France 3 Cinéma, CED Productions, MK2 Films, CAB Productions, Zespół Filmowy ""Tor"", Canal+, CNC, Eurimages",21.59,"France, Poland, Switzerland",fr,0,378,0,1993,Three Colors: Blue,1
,https://www.imdb.com/title/tt0111507/,Movie,7.6,92.0,"Comedy, Drama, Romance",79194,6/10/1994,Krzysztof Kieslowski,"France 3 Cinéma, Eurimages, MK2 Films, CAB Productions, Zespół Filmowy ""Tor"", CED Productions",28.337,"France, Poland, Switzerland",fr,0,378,0,1994,Three Colors: White,2
,https://www.imdb.com/title/tt0111495/,Movie,8.1,99.0,"Drama, Mystery, Romance",109529,11/23/1994,Krzysztof Kieslowski,"Zespół Filmowy ""Tor"", France 3 Cinéma, TSR, MK2 Films, CAB Productions, Canal+, Eurimages, CED Productions",17.847,"France, Poland, Switzerland",fr,0,378,0,1994,Three Colors: Red,3
,https://www.imdb.com/title/tt0795421/,Movie,6.5,108.0,"Comedy, Musical, Romance",272301,7/18/08,Phyllida Lloyd,"Littlestar, Playtone, Internationale Filmproduktion Richter",55.197,"Germany, United Kingdom, United States of America",en,609841637,379,52000000,2008,Mamma Mia!,1
,https://www.imdb.com/title/tt6911608/,Movie,6.6,114.0,"Comedy, Musical, Romance",108060,7/20/18,Ol Parker,"Littlestar, Playtone, Legendary Pictures, Universal Pictures",32.423,"United Kingdom, United States of America",en,395100000,379,75000000,2018,Mamma Mia! Here We Go Again,2
,https://www.imdb.com/title/tt0317705/,Movie,8.0,115.0,"Animation, Action, Adventure, Family",803419,11/5/04,Brad Bird,"Walt Disney Pictures, Pixar",117.728,United States of America,en,631442092,380,92000000,2004,The Incredibles,1
,https://www.imdb.com/title/tt3606756/,Movie,7.5,118.0,"Animation, Action, Adventure, Comedy, Family, Sci-Fi",328886,6/15/18,Brad Bird,"Walt Disney Pictures, Pixar",96.535,United States of America,en,1242805359,380,200000000,2018,Incredibles 2,2
,https://www.imdb.com/title/tt1772341/,Movie,7.7,101.0,"Animation, Adventure, Comedy, Family, Fantasy, Sci-Fi",456080,11/2/12,Rich Moore,"Walt Disney Animation Studios, Walt Disney Pictures",102.351,United States of America,en,471222889,381,165000000,2012,Wreck-It Ralph,1
,https://www.imdb.com/title/tt5848272/,Movie,7.0,112.0,"Animation, Adventure, Comedy, Family, Fantasy, Sci-Fi",181431,11/23/18,"Phil Johnston, Rich Moore","Walt Disney Pictures, Walt Disney Animation Studios",64.473,United States of America,en,529323962,381,175000000,2018,Ralph Breaks the Internet,2
,https://www.imdb.com/title/tt0274166/,Movie,6.2,87.0,"Action, Adventure, Comedy",173483,7/18/03,Peter Howitt,Working Title Films,27.604,United Kingdom,en,160600000,382,40000000,2003,Johnny English,1
,https://www.imdb.com/title/tt1634122/,Movie,6.3,101.0,"Action, Adventure, Comedy",140286,10/21/11,Oliver Parker,"Working Title Films, Working Title Films",36.614,"United Kingdom, United States of America",en,160100000,382,45000000,2011,Johnny English Reborn,2
,https://www.imdb.com/title/tt6921996/,Movie,6.2,89.0,"Action, Adventure, Comedy",82726,10/26/18,David Kerr,"Working Title Films, Working Title Films",36.14,"United Kingdom, United States of America",en,159000000,382,25000000,2018,Johnny English Strikes Again,3
,https://www.imdb.com/title/tt0317219/,Movie,7.2,117.0,"Animation, Adventure, Comedy, Family, Sport",465734,6/9/06,"John Lasseter, Joe Ranft","Pixar, Walt Disney Pictures",72.278,United States of America,en,461983149,383,120000000,2006,Cars,1
,https://www.imdb.com/title/tt1216475/,Movie,6.2,106.0,"Animation, Adventure, Comedy, Crime, Family, Mystery, Sci-Fi, Sport",215660,6/24/11,"John Lasseter, Bradford Lewis","Pixar, Walt Disney Pictures",108.832,United States of America,en,559852396,383,200000000,2011,Cars 2,2
,https://www.imdb.com/title/tt3606752/,Movie,6.7,102.0,"Animation, Adventure, Comedy, Family, Sport",120262,6/16/17,Brian Fee,Pixar,101.43,United States of America,en,383925276,383,175000000,2017,Cars 3,3
,https://www.imdb.com/title/tt5308322/,Movie,6.6,96.0,"Comedy, Horror, Mystery, Thriller",161480,10/13/17,Christopher Landon,"Vesuvius Productions, Blumhouse Productions, Digital Riot Media, Universal Pictures",33.406,United States of America,en,125500000,384,4800000,2017,Happy Death Day,1
,https://www.imdb.com/title/tt8155288/,Movie,6.2,100.0,"Comedy, Horror, Mystery, Sci-Fi, Thriller",84790,2/13/19,Christopher Landon,"Digital Riot Media, Blumhouse Productions, Universal Pictures",31.873,United States of America,en,64600000,384,9000000,2019,Happy Death Day 2U,2
,https://www.imdb.com/title/tt0117060/,Movie,7.2,110.0,"Action, Adventure, Thriller",468320,5/22/1996,Brian De Palma,"Paramount, Cruise/Wagner Productions",71.001,United States of America,en,457700000,385,80000000,1996,Mission: Impossible,1
,https://www.imdb.com/title/tt0120755/,Movie,6.1,123.0,"Action, Adventure, Thriller",376133,5/24/00,John Woo,"Paramount, Cruise/Wagner Productions",41.255,United States of America,en,546400000,385,125000000,2000,Mission: Impossible II,2
,https://www.imdb.com/title/tt0317919/,Movie,6.9,126.0,"Action, Adventure, Thriller",389160,5/5/06,J.J. Abrams,"Paramount, Cruise/Wagner Productions",71.718,United States of America,en,398500000,385,150000000,2006,Mission: Impossible III,3
,https://www.imdb.com/title/tt1229238/,Movie,7.4,132.0,"Action, Adventure, Thriller",526656,12/21/11,Brad Bird,"Paramount, Bad Robot, TC Productions, Skydance Media",76.418,United States of America,en,694700000,385,145000000,2011,Mission: Impossible - Ghost Protocol,4
,https://www.imdb.com/title/tt2381249/,Movie,7.4,131.0,"Action, Adventure, Thriller",409079,7/31/15,Christopher McQuarrie,"Paramount, Bad Robot, Odin, Skydance Media",67.226,United States of America,en,682700000,385,150000000,2015,Mission: Impossible - Rogue Nation,5
,https://www.imdb.com/title/tt4912910/,Movie,7.7,147.0,"Action, Adventure, Thriller",376258,7/27/18,Christopher McQuarrie,"Paramount, Bad Robot, Skydance Media, TC Productions",78.39,United States of America,en,791700000,385,178000000,2018,Mission: Impossible - Fallout,6
,https://www.imdb.com/title/tt9603212/,Movie,7.7,163.0,"Action, Adventure, Thriller",239536,7/12/23,Christopher McQuarrie,"Paramount, Skydance Media, TC Productions",202.827,United States of America,en,567500000,385,291000000,2023,Mission: Impossible - Dead Reckoning Part One,7
,https://www.imdb.com/title/tt9603208/,Movie,,,"Action, Adventure, Thriller",0,5/23/1925,Christopher McQuarrie,"Paramount, Skydance Media, TC Productions",64.287,United States of America,en,0,385,0,2025,Mission: Impossible - Dead Reckoning Part Two,8
,https://www.imdb.com/title/tt2709768/,Movie,6.5,86.0,"Animation, Adventure, Comedy, Family",216334,7/8/16,Chris Renaud,"Illumination, Universal Pictures",25.458,United States of America,en,875457937,386,75000000,2016,The Secret Life of Pets,1
,https://www.imdb.com/title/tt5113040/,Movie,6.4,86.0,"Animation, Adventure, Comedy, Family",68485,6/7/19,"Chris Renaud, Jonathan del Val","Universal Pictures, Illumination",53.529,United States of America,en,429434163,386,80000000,2019,The Secret Life of Pets 2,2
,https://www.imdb.com/title/tt1753383/,Movie,7.2,100.0,"Adventure, Comedy, Drama, Family, Fantasy",78654,1/27/17,Lasse Hallström,"Amblin Entertainment, Pariah, Walden Media, Reliance Entertainment, Universal Pictures, DreamWorks Pictures, Amblin Partners",48.689,"Canada, India, United States of America",en,205000000,387,22000000,2017,A Dog's Purpose,1
,https://www.imdb.com/title/tt8385474/,Movie,7.4,109.0,"Adventure, Comedy, Drama, Family, Fantasy",28407,5/17/19,Gail Mancuso,"Amblin Entertainment, Reliance Entertainment, Walden Media, Alibaba Pictures Group, Pariah, DreamWorks Pictures, Amblin Partners",37.959,"Canada, China, India, United States of America",en,78871079,387,16000000,2019,A Dog's Journey,2
,https://www.imdb.com/title/tt2911666/,Movie,7.4,101.0,"Action, Crime, Thriller",734992,10/24/14,"Chad Stahelski, David Leitch","87Eleven, DefyNite Films, MJW Films, Thunder Road",72.269,United States of America,en,88761661,388,20000000,2014,John Wick,1
,https://www.imdb.com/title/tt4425200/,Movie,7.4,122.0,"Action, Crime, Thriller",508477,2/10/17,Chad Stahelski,"Thunder Road, 87Eleven, Summit Entertainment",104.893,United States of America,en,171539887,388,40000000,2017,John Wick: Chapter 2,2
,https://www.imdb.com/title/tt6146586/,Movie,7.4,130.0,"Action, Crime, Thriller",422660,5/17/19,Chad Stahelski,"Thunder Road, Lionsgate, 87Eleven",81.598,United States of America,en,326709727,388,55000000,2019,John Wick: Chapter 3 - Parabellum,3
,https://www.imdb.com/title/tt10366206/,Movie,7.7,169.0,"Action, Crime, Thriller",328084,3/24/23,Chad Stahelski,"Thunder Road, 87Eleven, Summit Entertainment, Studio Babelsberg",212.292,"Germany, United States of America",en,440157245,388,90000000,2023,John Wick: Chapter 4,4
,https://www.imdb.com/title/tt2250912/,Movie,7.4,133.0,"Action, Adventure, Sci-Fi",715088,7/7/17,Jon Watts,"Marvel Studios, Pascal Pictures, LStar Capital, Columbia Pictures",126.397,United States of America,en,880166924,389,175000000,2017,Spider-Man: Homecoming,1
,https://www.imdb.com/title/tt6320628/,Movie,7.4,129.0,"Action, Adventure, Comedy, Fantasy, Sci-Fi",551737,7/2/19,Jon Watts,"Marvel Studios, Pascal Pictures, Columbia Pictures",93.226,United States of America,en,1131927996,389,160000000,2019,Spider-Man: Far from Home,2
,https://www.imdb.com/title/tt10872600/,Movie,8.2,148.0,"Action, Adventure, Fantasy, Sci-Fi",869998,12/17/21,Jon Watts,"Marvel Studios, Pascal Pictures, Columbia Pictures",216.578,United States of America,en,1921847111,389,200000000,2021,Spider-Man: No Way Home,3
,https://www.imdb.com/title/tt0104815/,Movie,6.8,81.0,"Action, Crime, Thriller",71050,2/26/1993,Robert Rodriguez,"Columbia Pictures, Los Hooligans Productions",24.202,"Mexico, United States of America",es,2000000,390,7225,1993,El Mariachi,1
,https://www.imdb.com/title/tt0112851/,Movie,7.1,104.0,"Action, Crime, Drama, Thriller, Western",196909,8/25/1995,Robert Rodriguez,"Los Hooligans Productions, Columbia Pictures",34.286,"United States of America, Mexico",en,25400000,390,7000000,1995,Desperado,2
,https://www.imdb.com/title/tt0285823/,Movie,6.3,102.0,"Action, Crime, Thriller",169322,9/12/03,Robert Rodriguez,"Columbia Pictures, Dimension Films, Troublemaker Studios",34.284,United States of America,en,98200000,390,29000000,2003,Once Upon a Time in Mexico,3
,https://www.imdb.com/title/tt0401792/,Movie,8.0,124.0,"Crime, Thriller",792025,4/1/05,"Frank Miller, Quentin Tarantino, Robert Rodriguez","Dimension Films, Troublemaker Studios, Miramax",47.127,United States of America,en,158700000,448,40000000,2005,Sin City,1
,https://www.imdb.com/title/tt0458481/,Movie,6.5,102.0,"Action, Crime, Thriller",169942,8/22/14,"Frank Miller, Robert Rodriguez","Residaco, Miramax, Troublemaker Studios, Aldamisa Entertainment, Demarest Films, Solipsist Film, AR Films",41.465,United States of America,en,39400000,448,65000000,2014,Sin City: A Dame to Kill For,2
,https://www.imdb.com/title/tt0892769/,Movie,8.1,98.0,"Animation, Action, Adventure, Comedy, Family, Fantasy",795679,3/26/10,"Dean DeBlois, Chris Sanders","DreamWorks Animation, Paramount",69.604,United States of America,en,494879471,391,165000000,2010,How to Train Your Dragon,1
,https://www.imdb.com/title/tt1646971/,Movie,7.8,102.0,"Animation, Action, Adventure, Comedy, Family, Fantasy",362026,6/13/14,Dean DeBlois,"DreamWorks Animation, 20th Century Fox",71.498,United States of America,en,621537519,391,145000000,2014,How to Train Your Dragon 2,2
,https://www.imdb.com/title/tt2386490/,Movie,7.4,104.0,"Animation, Action, Adventure, Comedy, Drama, Family, Fantasy",149121,2/22/19,Dean DeBlois,"DreamWorks Animation, Mad Hatter Entertainment",86.98,United States of America,en,524580592,391,129000000,2019,How to Train Your Dragon: The Hidden World,3
,https://www.imdb.com/title/tt0114709/,Movie,8.3,81.0,"Animation, Adventure, Comedy, Family, Fantasy",1063057,11/22/1995,John Lasseter,Pixar,124.052,United States of America,en,394400000,392,30000000,1995,Toy Story,1
,https://www.imdb.com/title/tt0120363/,Movie,7.9,92.0,"Animation, Adventure, Comedy, Family, Fantasy",616896,11/24/1999,"John Lasseter, Ash Brannon, Lee Unkrich",Pixar,131.922,United States of America,en,497400000,392,90000000,1999,Toy Story 2,2
,https://www.imdb.com/title/tt0435761/,Movie,8.3,103.0,"Animation, Adventure, Comedy, Family, Fantasy",888514,6/18/10,Lee Unkrich,"Pixar, Walt Disney Pictures",116.561,United States of America,en,1066970000,392,200000000,2010,Toy Story 3,3
,https://www.imdb.com/title/tt1979376/,Movie,7.7,100.0,"Animation, Adventure, Comedy, Family, Fantasy",278283,6/21/19,Josh Cooley,"Walt Disney Pictures, Pixar",135.905,United States of America,en,1073395000,392,175000000,2019,Toy Story 4,4
,https://www.imdb.com/title/tt3322940/,Movie,5.4,99.0,"Horror, Mystery, Thriller",174380,10/3/14,John R. Leonetti,"Atomic Monster, New Line Cinema, The Safran Company, RatPac Entertainment, Warner Bros. Pictures",51.866,United States of America,en,257000000,393,6500000,2014,Annabelle,1
,https://www.imdb.com/title/tt5140878/,Movie,6.5,109.0,"Horror, Mystery, Thriller",149983,8/11/17,David F. Sandberg,"Atomic Monster, New Line Cinema, The Safran Company, RatPac Entertainment",72.935,United States of America,en,306500000,393,15000000,2017,Annabelle: Creation,2
,https://www.imdb.com/title/tt8350360/,Movie,5.9,106.0,"Horror, Mystery, Thriller",86455,6/26/19,Gary Dauberman,"Atomic Monster, The Safran Company, New Line Cinema",70.52,United States of America,en,231300000,393,30000000,2019,Annabelle Comes Home,3
,https://www.imdb.com/title/tt1457767/,Movie,7.5,112.0,"Horror, Mystery, Thriller",551601,7/19/13,James Wan,"Evergreen Media Group, New Line Cinema, The Safran Company",109.522,United States of America,en,320400000,394,13000000,2013,The Conjuring,1
,https://www.imdb.com/title/tt3065204/,Movie,7.3,134.0,"Horror, Mystery, Thriller",298550,6/10/16,James Wan,"New Line Cinema, The Safran Company, Atomic Monster, RatPac Entertainment",87.04,United States of America,en,321800000,394,40000000,2016,The Conjuring 2,2
,https://www.imdb.com/title/tt7069210/,Movie,6.3,112.0,"Horror, Mystery, Thriller",137578,6/4/21,Michael Chaves,"New Line Cinema, The Safran Company, Atomic Monster",103.755,United States of America,en,206400000,394,39000000,2021,The Conjuring: The Devil Made Me Do It,3
,https://www.imdb.com/title/tt1985949/,Movie,6.3,97.0,"Animation, Action, Adventure, Comedy, Family",103069,5/20/16,"Clay Kaytis, Fergal Reilly","Columbia Pictures, Rovio Entertainment, Rovio Animation",68.971,"Finland, United States of America",en,349779543,395,73000000,2016,The Angry Birds Movie,1
,https://www.imdb.com/title/tt6095472/,Movie,6.4,97.0,"Animation, Action, Adventure, Comedy, Family",34799,8/14/19,"Thurop Van Orman, John Rice","Rovio Animation, Columbia Pictures, Sony Pictures Animation, Rovio Entertainment",60.12,"Finland, United States of America",en,147792047,395,65000000,2019,The Angry Birds Movie 2,2
,https://www.imdb.com/title/tt1396484/,Movie,7.3,135.0,Horror,601916,9/8/17,Andy Muschietti,"New Line Cinema, Vertigo Entertainment, Lin Pictures, KatzSmith Productions",87.795,United States of America,en,701800000,396,40000000,2017,It,1
,https://www.imdb.com/title/tt7349950/,Movie,6.5,169.0,"Drama, Fantasy, Horror",299486,9/6/19,Andy Muschietti,"New Line Cinema, Vertigo Entertainment, Double Dream, Rideback",100.275,United States of America,en,473100000,396,79000000,2019,It Chapter Two,2
,https://www.imdb.com/title/tt1156398/,Movie,7.5,88.0,"Action, Comedy, Horror",618189,10/2/09,Ruben Fleischer,"Pariah, Columbia Pictures, Relativity Media",46.492,United States of America,en,102391540,397,23600000,2009,Zombieland,1
,https://www.imdb.com/title/tt1560220/,Movie,6.7,99.0,"Action, Comedy, Horror",200908,10/18/19,Ruben Fleischer,"Pariah, Columbia Pictures, 2.0 Entertainment",45.727,United States of America,en,122800000,397,42000000,2019,Zombieland: Double Tap,2
,https://www.imdb.com/title/tt0081505/,Movie,8.4,146.0,"Drama, Horror",1100206,6/13/1980,Stanley Kubrick,"Warner Bros. Pictures, Peregrine, Hawk Films, The Producer Circle Co.",57.425,"United Kingdom, United States of America",en,44781695,398,19000000,1980,The Shining,1
,https://www.imdb.com/title/tt5606664/,Movie,7.3,152.0,"Drama, Fantasy, Horror, Thriller",217039,11/8/19,Mike Flanagan,"Vertigo Entertainment, Intrepid Pictures, Warner Bros. Pictures",50.819,United States of America,en,72381712,398,45000000,2019,Doctor Sleep,2
,https://www.imdb.com/title/tt0276919/,Movie,8.0,178.0,"Crime, Drama",158013,4/23/04,Lars von Trier,"YLE, Zentropa Entertainments, DR, Trollhättan Film, Memfis Film, France 3 Cinéma, Slot Machine, Liberator Productions, Nederlandse Programma Stichting (NPS), Isabella Films B.V., Pain Unlimited GmbH Filmproduktion, Something Else B.V., Sigma Films, Zoma Films Ltd., ARTE France Cinéma, SVT, WDR/Arte, Film i Väst, Edith Film, Invicta Capital, 4 1/2, TV 2",21.863,"Denmark, Finland, France, Germany, Netherlands, Norway, Sweden, United Kingdom",en,16690617,400,10000000,2004,Dogville,1
,https://www.imdb.com/title/tt0342735/,Movie,7.2,139.0,Drama,25099,6/3/05,Lars von Trier,"YLE, Zentropa Entertainments, DR, ARTE, Memfis Film, Isabella Films BV, Degeto Film, Ognon Pictures, Alan Young Pictures, Nederlandse Programma Stichting (NPS), Canal+ Television, Invicta Capital, Edith Film, Pain Unlimited GmbH Filmproduktion, Sigma Films, Manderlay, Canal+, ARTE France Cinéma, SVT, Film i Väst, WDR",20.046,"Denmark, France, Germany, Italy, Netherlands, Sweden, United Kingdom, United States of America",da,674918,400,14200000,2005,Manderlay,2
,https://www.imdb.com/title/tt2294629/,Movie,7.4,102.0,"Animation, Adventure, Comedy, Family, Fantasy, Musical",661044,11/27/13,"Chris Buck, Jennifer Lee","Walt Disney Pictures, Walt Disney Animation Studios",145.282,United States of America,en,1274219009,401,150000000,2013,Frozen,1
,https://www.imdb.com/title/tt4520988/,Movie,6.8,103.0,"Animation, Adventure, Comedy, Drama, Family, Fantasy, Musical",193112,11/22/19,"Chris Buck, Jennifer Lee","Walt Disney Pictures, Walt Disney Animation Studios",106.469,United States of America,en,1450000000,401,150000000,2019,Frozen II,2
,https://www.imdb.com/title/tt0080179/,Movie,7.4,111.0,"Action, Comedy",43597,10/5/1978,Woo-Ping Yuen,Seasonal Film Corporation,31.137,Hong Kong,cn,0,402,0,1978,Drunken Master,1
,https://www.imdb.com/title/tt0111512/,Movie,7.5,102.0,"Action, Comedy",48728,10/20/00,"Chia-Liang Liu, Jackie Chan","Orange Sky Golden Harvest, Hong Kong Stuntman Association, Paragon Films Ltd.",29.7,Hong Kong,cn,11555430,402,10000000,2000,Drunken Master II,2
,https://www.imdb.com/title/tt0109678/,Movie,5.1,91.0,"Action, Adventure",462,7/2/1994,Chia-Liang Liu,Super Film Production,11.62,"China, Hong Kong",cn,0,402,0,1994,Drunken Master III,3
,https://www.imdb.com/title/tt1679335/,Movie,6.4,92.0,"Animation, Adventure, Comedy, Family, Fantasy, Music, Musical",91395,11/4/16,"Mike Mitchell, Walt Dohrn","DreamWorks Animation, 20th Century Fox",72.37,United States of America,en,347337803,403,125000000,2016,Trolls,1
,https://www.imdb.com/title/tt6587640/,Movie,6.1,91.0,"Animation, Adventure, Comedy, Family, Fantasy, Musical, Romance",28562,4/10/20,"Walt Dohrn, David P. Smith","DreamWorks Animation, Universal Pictures, dentsu",80.038,"Japan, United States of America",en,49276818,403,90000000,2020,Trolls World Tour,2
,https://www.imdb.com/title/tt0096928/,Movie,6.9,90.0,"Adventure, Comedy, Music, Romance, Sci-Fi",141099,2/17/1989,Stephen Herek,"Orion Pictures, DEG, Nelson Entertainment, Interscope Communications, Soisson/Murphy Productions",24.749,United States of America,en,40500000,404,10000000,1989,Bill & Ted's Excellent Adventure,1
,https://www.imdb.com/title/tt0101452/,Movie,6.3,93.0,"Adventure, Comedy, Fantasy, Music, Sci-Fi",80808,7/19/1991,Peter Hewitt,"Orion Pictures, Nelson Entertainment, Interscope Communications",21.383,United States of America,en,38000000,404,20000000,1991,Bill & Ted's Bogus Journey,2
,https://www.imdb.com/title/tt1086064/,Movie,5.9,91.0,"Adventure, Comedy, Music, Sci-Fi",52755,8/28/20,Dean Parisot,"Endeavor Content, Hammerstone Studios, Lakeview Entertainment, TinRes Entertainment, Many Rivers Productions, Cittadino/Dugan Entertainment, Dial 9, Orion Pictures",25.201,"Bahamas, Canada, United States of America",en,6300000,404,25000000,2020,Bill & Ted Face the Music,3
,https://www.imdb.com/title/tt0057413/,Movie,7.0,115.0,"Comedy, Crime, Romance",56348,3/18/1964,Blake Edwards,"United Artists, The Mirisch Company, Geoffrey Productions",32.188,"United States of America, Czech Republic, United Kingdom",en,10878107,405,0,1964,The Pink Panther,1
,https://www.imdb.com/title/tt0058586/,Movie,7.4,102.0,"Comedy, Mystery",30762,1/29/1965,Blake Edwards,"United Artists, The Mirisch Company",19.188,"United Kingdom, United States of America",en,12368234,405,0,1965,A Shot in the Dark,2
,https://www.imdb.com/title/tt0072081/,Movie,7.0,113.0,"Comedy, Crime, Mystery",29483,5/21/1975,Blake Edwards,"United Artists, Jewel Productions, Pimlico Films, ITC Entertainment",24.705,"United Kingdom, United States of America",en,41833347,405,5000000,1975,The Return of the Pink Panther,3
,https://www.imdb.com/title/tt0075066/,Movie,7.2,103.0,"Comedy, Crime",31868,12/15/1976,Blake Edwards,"Amjo Productions, United Artists",26.382,"United Kingdom, United States of America",en,33833201,405,6000000,1976,The Pink Panther Strikes Again,4
,https://www.imdb.com/title/tt0078163/,Movie,6.6,99.0,"Comedy, Crime, Mystery",23146,7/19/1978,Blake Edwards,"United Artists, Jewel Productions, Sellers-Edwards productions, Pimlico Films",24.037,"United Kingdom, United States of America",en,49579269,405,0,1978,Revenge of the Pink Panther,5
,https://www.imdb.com/title/tt0084814/,Movie,4.8,96.0,"Comedy, Crime, Mystery",11173,12/17/1982,Blake Edwards,"Titan Productions, United Artists, Lakeline Productions, Amjo Productions, MGM",18.065,"United Kingdom, United States of America",en,9056073,405,0,1982,Trail of the Pink Panther,6
,https://www.imdb.com/title/tt0085384/,Movie,4.3,109.0,"Comedy, Crime, Mystery",6605,8/12/1983,Blake Edwards,"Titan Productions, Blake Edwards, United Artists",12.609,United States of America,en,4491986,405,11000000,1983,Curse of the Pink Panther,7
,https://www.imdb.com/title/tt0108187/,Movie,3.9,93.0,"Comedy, Crime",5884,8/27/1993,Blake Edwards,"International Traders, Filmauro, United Artists, Titan Productions, Metro-Goldwyn-Mayer",21.157,"Italy, United Kingdom, United States of America",en,2438031,405,25000000,1993,Son of the Pink Panther,8
,https://www.imdb.com/title/tt3397884/,Movie,7.7,121.0,"Action, Crime, Drama, Mystery, Thriller",472129,10/2/15,Denis Villeneuve,"Thunder Road, Black Label Media, Lionsgate, Emperor Motion Pictures, Redrum",72.398,"Hong Kong, Mexico, United States of America",en,84872444,406,30000000,2015,Sicario,1
,https://www.imdb.com/title/tt5052474/,Movie,7.1,122.0,"Action, Crime, Drama, Mystery, Thriller",165526,6/29/18,Stefano Sollima,"Thunder Road, Black Label Media, Columbia Pictures",66.437,United States of America,en,75836683,406,35000000,2018,Sicario: Day of the Soldado,2
,https://www.imdb.com/title/tt2301592/,Movie,7.5,133.0,"Biography, Drama, Fantasy",9486,9/4/13,Alejandro Jodorowsky,"Le Soleil Films, Caméra One",10.214,"Chile, France",es,0,407,3000000,2013,The Dance of Reality,1
,https://www.imdb.com/title/tt4451458/,Movie,7.5,128.0,"Biography, Drama, Fantasy",6568,7/14/17,Alejandro Jodorowsky,"Openvizor, Satori Films, Le Pacte, Le Soleil Films",9.807,"United Kingdom, France, Japan, Chile",es,0,407,0,2017,Endless Poetry,2
,https://www.imdb.com/title/tt0067919/,Movie,8.0,151.0,"Drama, History",7406,3/8/1971,Jan Troell,SF Studios,18.259,Sweden,sv,0,408,0,1971,The Emigrants,1
,https://www.imdb.com/title/tt0069035/,Movie,8.0,102.0,"Drama, Western",5245,2/26/1972,Jan Troell,SF Studios,12.957,Sweden,sv,0,408,0,1972,The New Land,2
,https://www.imdb.com/title/tt0283900/,Movie,7.3,122.0,"Comedy, Drama, Romance",42702,6/20/03,Cédric Klapisch,"Mate Producciones S.A., Bac Films, Ce Qui Me Meut Motion Pictures, France 2 Cinéma, Mate Films, StudioCanal, Vía Digital, Fox Searchlight Pictures",19.69,"France, Spain",fr,3897799,409,5300000,2003,The Spanish Apartment,1
,https://www.imdb.com/title/tt0409184/,Movie,7.0,125.0,"Comedy, Drama, Romance",21263,6/15/05,Cédric Klapisch,"StudioCanal, TPS Cinéma, Lunar Films, Ce Qui Me Meut Motion Pictures, Canal+, France 2 Cinéma",14.387,"France, United Kingdom",fr,23727301,409,13000000,2005,Russian Dolls,2
,https://www.imdb.com/title/tt1937118/,Movie,6.9,117.0,"Comedy, Drama, Romance",15246,5/16/14,Cédric Klapisch,"Ce qui me meut, Opposite Field Pictures, Compagnie Cinématographique, La Panache Productions, Belgacom, StudioCanal",20.261,"Belgium, France",fr,16968297,409,0,2014,Chinese Puzzle,3
,https://www.imdb.com/title/tt0107387/,Movie,4.8,92.0,"Comedy, Fantasy, Horror",30072,1/8/1993,Mark Jones,Trimark Pictures,31.945,United States of America,en,8600000,410,1000000,1993,Leprechaun,1
,https://www.imdb.com/title/tt0110329/,Movie,4.6,85.0,"Comedy, Fantasy, Horror",11705,4/8/1994,Rodman Flender,Planet Productions,21.243,United States of America,en,2300000,410,2000000,1994,Leprechaun 2,2
,https://www.imdb.com/title/tt0113636/,Video,5.0,90.0,"Comedy, Fantasy, Horror",9253,6/27/1995,Brian Trenchard-Smith,Trimark Pictures,26.2,United States of America,en,0,410,1200000,1995,Leprechaun 3,3
,https://www.imdb.com/title/tt0116861/,Video,3.5,95.0,"Comedy, Fantasy, Horror, Sci-Fi",8588,2/25/1997,Brian Trenchard-Smith,"Front Street Studios, Blue Rider Pictures",20.397,United States of America,en,0,410,0,1997,Leprechaun 4: In Space,4
,https://www.imdb.com/title/tt0209095/,Video,3.7,90.0,"Comedy, Fantasy, Horror, Music",8248,3/28/00,Rob Spera,Trimark Pictures,19.332,United States of America,en,0,410,0,2000,Leprechaun 5: In the Hood,5
,https://www.imdb.com/title/tt0339294/,Video,3.9,87.0,"Comedy, Fantasy, Horror",5659,12/30/03,Steven Ayromlooi,Lionsgate,20.263,United States of America,en,0,410,0,2003,Leprechaun 6: Back 2 Tha Hood,6
,https://www.imdb.com/title/tt8155182/,Movie,5.0,92.0,"Comedy, Fantasy, Horror",5659,12/11/18,Steven Kostanski,"Syfy, Blue Ice Pictures, Out of Africa Entertainment",25.378,"Canada, South Africa, United States of America",en,0,410,0,2018,Leprechaun Returns,7
,https://www.imdb.com/title/tt2345613/,Movie,3.2,90.0,"Fantasy, Horror",6428,8/26/14,Zach Lipovsky,"WWE Studios, Lionsgate",26.049,United States of America,en,0,410,0,2014,Leprechaun: Origins,8
,https://www.imdb.com/title/tt0892255/,Movie,7.1,134.0,"Biography, Drama, History, War",47847,1/24/09,Steven Soderbergh,"Wild Bunch, Telecinco Cinema, Laura Bickford Productions, Morena Films, Ministerio de Cultura",21.257,"France, Spain, United States of America",en,0,411,30000000,2009,Che: Part One,1
,https://www.imdb.com/title/tt0374569/,Movie,6.8,135.0,"Biography, Drama, History, War",34972,1/24/09,Steven Soderbergh,"Wild Bunch, Telecinco Cinema, Laura Bickford Productions, Morena Films, Ministerio de Cultura",24.452,"France, Spain, United States of America",en,8638163,411,40000000,2009,Che: Part Two,2
,https://www.imdb.com/title/tt6644200/,Movie,7.5,90.0,"Drama, Horror, Sci-Fi",579563,4/6/18,John Krasinski,"Paramount, Platinum Dunes",86.714,United States of America,en,341000000,412,17000000,2018,A Quiet Place,1
,https://www.imdb.com/title/tt8332922/,Movie,7.2,97.0,"Drama, Horror, Sci-Fi, Thriller",270220,5/28/21,John Krasinski,"Paramount, Platinum Dunes, Sunday Night",107.248,United States of America,en,297400000,412,61000000,2021,A Quiet Place Part II,2
,https://www.imdb.com/title/tt1959563/,Movie,6.9,118.0,"Action, Comedy, Crime, Thriller",246118,8/18/17,Patrick Hughes,"Campbell Grobman Films, East Light Media, Nu Boyana Film Studios, Tom de Mol Productions, Summit Entertainment, Millennium Media, Davis Films, Cristal Pictures",49.963,"Bulgaria, Canada, France, Hong Kong, Netherlands, United States of America",en,176586701,413,30000000,2017,The Hitman's Bodyguard,1
,https://www.imdb.com/title/tt8385148/,Movie,6.1,100.0,"Action, Comedy, Crime, Romance, Thriller",106849,6/16/21,Patrick Hughes,"Nu Boyana Film Studios, Summit Entertainment, Lionsgate, Millennium Media, Davis Films",40.726,"Bulgaria, France, United States of America",en,70060492,413,70000000,2021,Hitman's Wife's Bodyguard,2
,https://www.imdb.com/title/tt3874544/,Movie,6.3,97.0,"Animation, Adventure, Comedy, Family, Fantasy",140269,3/31/17,Tom McGrath,"DreamWorks Animation, 20th Century Fox",28.023,United States of America,en,527965936,414,125000000,2017,The Boss Baby,1
,https://www.imdb.com/title/tt6932874/,Movie,5.9,107.0,"Animation, Adventure, Comedy, Family, Fantasy",22228,7/2/21,Tom McGrath,"DreamWorks Animation, Universal Pictures",81.279,United States of America,en,146745280,414,82000000,2021,The Boss Baby 2: Family Business,2
,https://www.imdb.com/title/tt0117705/,Movie,6.5,88.0,"Animation, Adventure, Comedy, Family, Fantasy, Sci-Fi, Sport",212335,11/15/1996,Joe Pytka,"Warner Bros. Family Entertainment, Ivan Reitman Productions",53.221,United States of America,en,250200000,415,80000000,1996,Space Jam,1
,https://www.imdb.com/title/tt0318155/,Movie,5.8,91.0,"Animation, Adventure, Comedy, Family",40278,11/14/03,"Joe Dante, Eric Goldberg","Warner Bros. Animation, Baltimore/Spring Creek Pictures, Goldmann Pictures, Lonely Film Productions GmbH & Co. KG., Warner Bros. Pictures",32.189,United States of America,en,68500000,415,80000000,2003,Looney Tunes: Back in Action,2
,https://www.imdb.com/title/tt3554046/,Movie,4.5,115.0,"Animation, Adventure, Comedy, Family, Fantasy, Sci-Fi, Sport",79705,7/15/21,Malcolm D. Lee,"Warner Bros. Pictures Animation, SpringHill Entertainment, Proximity Media, Warner Bros. Pictures",81.217,United States of America,en,163700000,415,150000000,2021,Space Jam: A New Legacy,3
,https://www.imdb.com/title/tt0100142/,Movie,7.3,98.0,"Comedy, Drama, Romance",12365,8/3/1990,Whit Stillman,"Westerly Films, Allagash Films",20.55,United States of America,en,2900000,416,225000,1990,Metropolitan,1
,https://www.imdb.com/title/tt0109219/,Movie,7.0,101.0,"Comedy, Drama, Romance",6625,7/29/1994,Whit Stillman,"Castle Rock Entertainment, Westerly Films, Fine Line Features",10.961,United States of America,en,0,416,3200000,1994,Barcelona,2
,https://www.imdb.com/title/tt0120728/,Movie,6.7,113.0,"Comedy, Drama, Music, Romance",14332,6/12/1998,Whit Stillman,"PolyGram Filmed Entertainment, Warner Bros. Pictures, Castle Rock Entertainment, Westerly Films, Westerly Disco Inc., Gramercy Pictures",19.905,United States of America,en,3020601,416,8000000,1998,The Last Days of Disco,3
,https://www.imdb.com/title/tt5117670/,Movie,6.6,95.0,"Animation, Adventure, Comedy, Drama, Family, Fantasy",47637,2/9/18,Will Gluck,"Columbia Pictures, Animal Logic, 2.0 Entertainment, Olive Bridge Entertainment, Screen Australia, Screen NSW, Sony Pictures Animation",34.406,"Australia, United States of America",en,351266433,417,50000000,2018,Peter Rabbit,1
,https://www.imdb.com/title/tt8376234/,Movie,6.2,93.0,"Animation, Adventure, Comedy, Drama, Family, Fantasy",14434,6/11/21,Will Gluck,"Columbia Pictures, Olive Bridge Entertainment, Animal Logic, MRC, 2.0 Entertainment",54.469,"Australia, United States of America",en,153000000,417,45000000,2021,Peter Rabbit 2: The Runaway,2
,https://www.imdb.com/title/tt4160708/,Movie,7.1,88.0,"Crime, Horror, Thriller",298638,8/26/16,Fede Alvarez,"Screen Gems, Stage 6 Films, Ghost House Pictures",63.067,United States of America,en,159100000,418,9900000,2016,Don't Breathe,1
,https://www.imdb.com/title/tt6246322/,Movie,6.0,98.0,"Action, Crime, Horror, Thriller",70916,8/13/21,Rodo Sayagues,"Ghost House Pictures, Stage 6 Films, Good Universe, Bad Hombre, Screen Gems",57.982,United States of America,en,53800000,418,10000000,2021,Don't Breathe 2,2
,https://www.imdb.com/title/tt3794354/,Movie,6.5,99.0,"Action, Adventure, Comedy, Family, Fantasy, Sci-Fi",157969,2/14/20,Jeff Fowler,"Original Film, Blur Studio, Marza Animation Planet, Paramount, SEGA, SEGA of America",88.892,"Japan, United States of America",en,319700000,419,85000000,2020,Sonic the Hedgehog,1
,https://www.imdb.com/title/tt12412888/,Movie,6.5,122.0,"Action, Adventure, Comedy, Family, Fantasy, Sci-Fi",86000,4/8/22,Jeff Fowler,"Original Film, Blur Studio, Marza Animation Planet, Paramount, SEGA, SEGA of America",131.464,"Japan, United States of America",en,405400000,419,110000000,2022,Sonic the Hedgehog 2,2
,https://www.imdb.com/title/tt18259086/,Movie,,,"Action, Adventure, Comedy, Family, Fantasy, Sci-Fi",0,12/20/24,Jeff Fowler,"Paramount, Original Film, Marza Animation Planet, SEGA",63.841,"Japan, United States of America",en,0,419,0,2024,Sonic the Hedgehog 3,3
,https://www.imdb.com/title/tt0072272/,Movie,7.8,135.0,"Documentary, Family, Musical",5398,6/21/1974,Jack Haley Jr.,Metro-Goldwyn-Mayer,11.265,United States of America,en,0,420,3200000,1974,That's Entertainment!,1
,https://www.imdb.com/title/tt0075323/,Movie,7.3,133.0,"Documentary, Family, Musical",2427,5/17/1976,Gene Kelly,Metro-Goldwyn-Mayer,8.633,United States of America,en,0,420,0,1976,"That's Entertainment, Part II",2
,https://www.imdb.com/title/tt0111408/,Movie,7.5,113.0,"Documentary, Family, Musical",1768,7/191994,"Bud Friedgen, Michael J. Sheridan","Turner Entertainment, Metro-Goldwyn-Mayer",11.006,United States of America,en,0,420,0,1994,That's Entertainment! III,3
,https://www.imdb.com/title/tt0066740/,Movie,7.0,94.0,"Comedy, Horror",16609,5/18/1971,Robert Fuest,Amicus Productions,11.163,United Kingdom,en,1827000,421,0,1971,The Abominable Dr. Phibes,1
,https://www.imdb.com/title/tt0068503/,Movie,6.3,89.0,"Comedy, Horror",7069,9/191972,Robert Fuest,American International Pictures,9.552,United Kingdom,en,0,421,75000,1972,Dr. Phibes Rises Again,2
,https://www.imdb.com/title/tt0051622/,Movie,7.1,94.0,"Drama, Horror, Sci-Fi",25522,7/16/1958,Kurt Neumann,"20th Century Fox, Regal Films",18.132,United States of America,en,3000000,422,700000,1958,The Fly,1
,https://www.imdb.com/title/tt0053219/,Movie,5.7,80.0,"Drama, Fantasy, Horror, Sci-Fi",5155,7/22/1959,Edward Bernds,"Associated Producers (API), 20th Century Fox",16.543,United States of America,en,0,422,0,1959,Return of the Fly,2
,https://www.imdb.com/title/tt0059076/,Movie,5.2,86.0,"Drama, Horror, Mystery, Sci-Fi",2426,5/19/1965,Don Sharp,Lippert Films,6.441,United Kingdom,en,0,422,0,1965,Curse of the Fly,3
,https://www.imdb.com/title/tt0109445/,Movie,7.7,92.0,Comedy,231753,11/9/1994,Kevin Smith,View Askew Productions,18.48,United States of America,en,3151130,423,27575,1994,Clerks,1
,https://www.imdb.com/title/tt0424345/,Movie,7.3,97.0,Comedy,140408,7/21/06,Kevin Smith,"View Askew Productions, The Weinstein Company, Metro-Goldwyn-Mayer",36.62,United States of America,en,26888376,423,5000000,2006,Clerks II,2
,https://www.imdb.com/title/tt11128440/,Movie,6.2,100.0,"Comedy, Drama",18383,9/16/22,Kevin Smith,"View Askew Productions, BondIt Media Capital",29.842,United States of America,en,4717597,423,7000000,2022,Clerks III,3
,https://www.imdb.com/title/tt1915581/,Movie,6.1,110.0,"Comedy, Drama, Music",146836,6/29/12,Steven Soderbergh,"Iron Horse Entertainment, Extension 765",27.941,United States of America,en,167200000,424,7000000,2012,Magic Mike,1
,https://www.imdb.com/title/tt2268016/,Movie,5.6,115.0,"Comedy, Drama, Music",61193,7/1/15,Gregory Jacobs,"Warner Bros. Pictures, Iron Horse Entertainment",24.221,United States of America,en,117800000,424,14800000,2015,Magic Mike XXL,2
,https://www.imdb.com/title/tt16280138/,Movie,5.2,112.0,"Comedy, Drama",16209,2/10/23,Steven Soderbergh,"Warner Bros. Pictures, Nick Wechsler Productions, Free Association",39.043,United States of America,en,52000000,424,45000000,2023,Magic Mike's Last Dance,3
,https://www.imdb.com/title/tt1286159/,Movie,7.2,102.0,"Comedy, Drama, Family, Romance",2036,9/4/09,Ricardo Trogi,"GO Films, Alliance Films",4.428,Canada,fr,0,425,0,2009,The Year I Became a Liar,1
,https://www.imdb.com/title/tt2833074/,Movie,7.4,105.0,"Biography, Comedy, Drama, Romance",1586,8/4/14,Ricardo Trogi,GO Films,6.846,Canada,fr,0,425,4000000,2014,1987,2
,https://www.imdb.com/title/tt8264546/,Movie,7.1,101.0,Comedy,1214,7/27/18,Ricardo Trogi,GO Films,5.807,Canada,fr,0,425,0,2018,1991,3
,https://www.imdb.com/title/tt0032455/,Movie,7.7,124.0,"Animation, Family, Fantasy, Music, Musical",103515,9/19/1941,"James Algar, Samuel Armstrong, Ford Beebe Jr., Norman Ferguson, David Hand, Jim Handley, T. Hee, Wilfred Jackson, Hamilton Luske, Bill Roberts, Paul Satterfield, Ben Sharpsteen",Walt Disney Productions,43.964,United States of America,en,76411819,426,2280000,1941,Fantasia,1
,https://www.imdb.com/title/tt0120910/,Movie,7.1,75.0,"Animation, Family, Fantasy, Music",41234,6/16/00,"James Algar, Gaëtan Brizzi, Paul Brizzi, Hendel Butoy, Francis Glebas, Eric Goldberg, Don Hahn, Pixote Hunt",Walt Disney Pictures,32.682,United States of America,en,60655420,426,80000000,2000,Fantasia 2000,2
,https://www.imdb.com/title/tt0443453/,Movie,7.4,84.0,Comedy,439812,11/3/06,Larry Charles,"20th Century Fox, Everyman Pictures, Four by Two, Talkback, Channel 4 Television, Dune Entertainment, One America",22.785,"United Kingdom, United States of America",en,262600000,427,18000000,2006,Borat,1
,https://www.imdb.com/title/tt13143964/,Movie,6.6,95.0,Comedy,152860,10/23/20,Jason Woliner,"Four by Two, Oak Springs Productions",32.269,"United Kingdom, United States of America",en,0,427,0,2020,Borat Subsequent Moviefilm,2
,https://www.imdb.com/title/tt0295701/,Movie,5.8,124.0,"Action, Adventure, Thriller",186062,8/9/02,Rob Cohen,"Columbia Pictures, Original Film, Revolution Studios, Sony Pictures, Neal H. Moritz Productions",48.892,"United States of America, Czech Republic",en,277500000,428,70000000,2002,xXx,1
,https://www.imdb.com/title/tt0329774/,Movie,4.5,101.0,"Action, Adventure, Crime, Sci-Fi, Thriller",73414,4/29/05,Lee Tamahori,"Revolution Studios, Original Film, Columbia Pictures, Sony Pictures",55.905,United States of America,en,71100000,428,60000000,2005,xXx: State of the Union,2
,https://www.imdb.com/title/tt1293847/,Movie,5.2,107.0,"Action, Adventure, Thriller",96901,1/20/17,D.J. Caruso,"Rox Productions, Revolution Studios, Maple Cage Productions, Huahua Media, Roth-Kirschenbaum Films, Shanghai Film Group, One Race, Paramount",70.845,"Canada, China, United States of America",en,346100000,428,85000000,2017,xXx: Return of Xander Cage,3
,https://www.imdb.com/title/tt4633694/,Movie,8.4,117.0,"Animation, Action, Adventure, Comedy, Family, Fantasy, Sci-Fi",664153,12/14/18,"Bob Persichetti, Peter Ramsey, Rodney Rothman","Columbia Pictures, Lord Miller, Pascal Pictures, Sony Pictures Animation, Arad Productions",125.913,United States of America,en,384298736,429,90000000,2018,Spider-Man: Into the Spider-Verse,1
,https://www.imdb.com/title/tt9362722/,Movie,8.6,140.0,"Animation, Action, Adventure, Fantasy, Sci-Fi",356785,6/2/23,"Joaquim Dos Santos, Kemp Powers, Justin K. Thompson","Columbia Pictures, Sony Pictures Animation, Lord Miller, Pascal Pictures, Arad Productions, Marvel Entertainment",252.405,United States of America,en,690615475,429,100000000,2023,Spider-Man: Across the Spider-Verse,2
,https://www.imdb.com/title/tt5814060/,Movie,5.3,96.0,"Horror, Mystery, Thriller",169258,9/7/18,Corin Hardy,"New Line Cinema, Atomic Monster, The Safran Company",92.789,United States of America,en,366082797,430,22000000,2018,The Nun,1
,https://www.imdb.com/title/tt10160976/,Movie,5.6,110.0,"Horror, Mystery, Thriller",56884,9/8/23,Michael Chaves,"New Line Cinema, Atomic Monster, The Safran Company",167.731,United States of America,en,268100000,430,38500000,2023,The Nun II,2
,https://www.imdb.com/title/tt1160419/,Movie,8.0,155.0,"Action, Adventure, Drama, Sci-Fi",813125,10/22/21,Denis Villeneuve,"Atomic Blonde Entertainment, The Asylum",44.818,United States of America,en,0,431,0,2021,Dune,1
,https://www.imdb.com/title/tt15239678/,Movie,8.9,166.0,"Action, Adventure, Drama, Sci-Fi",228609,3/1/24,Denis Villeneuve,Legendary Pictures,853.03,United States of America,en,509672149,431,190000000,2024,Dune: Part Two,2
,https://www.imdb.com/title/tt0082971/,Movie,8.4,115.0,"Action, Adventure",1032845,6/12/1981,Steven Spielberg,"Paramount, Lucasfilm Ltd.",70.923,United States of America,en,389925971,432,18000000,1981,Raiders of the Lost Ark,1
,https://www.imdb.com/title/tt0087469/,Movie,7.5,118.0,"Action, Adventure",533258,5/23/1984,Steven Spielberg,"Paramount, Lucasfilm Ltd.",56.989,United States of America,en,333000000,432,28000000,1984,Indiana Jones and the Temple of Doom,2
,https://www.imdb.com/title/tt0097576/,Movie,8.2,127.0,"Action, Adventure",807691,5/24/1989,Steven Spielberg,"Paramount, Lucasfilm Ltd.",61.981,United States of America,en,474171806,432,48000000,1989,Indiana Jones and the Last Crusade,3
,https://www.imdb.com/title/tt0367882/,Movie,6.2,122.0,"Action, Adventure",489868,5/22/08,Steven Spielberg,"Paramount, Lucasfilm Ltd.",53.313,United States of America,en,786636033,432,185000000,2008,Indiana Jones and the Kingdom of the Crystal Skull,4
,https://www.imdb.com/title/tt1462764/,Movie,6.6,154.0,"Action, Adventure, Sci-Fi",193980,6/30/23,James Mangold,Lucasfilm Ltd.,115.938,United States of America,en,383900000,432,294700000,2023,Indiana Jones and the Dial of Destiny,5
,https://www.imdb.com/title/tt0837562/,Movie,7.0,91.0,"Animation, Adventure, Comedy, Family, Fantasy, Horror, Romance",279217,9/28/12,Genndy Tartakovsky,"Columbia Pictures, Sony Pictures Animation",59.251,United States of America,en,358375603,433,85000000,2012,Hotel Transylvania,1
,https://www.imdb.com/title/tt2510894/,Movie,6.6,89.0,"Animation, Adventure, Comedy, Family, Fantasy, Horror",141876,9/25/15,Genndy Tartakovsky,"Columbia Pictures, Sony Pictures Animation",59.366,United States of America,en,473200000,433,80000000,2015,Hotel Transylvania 2,2
,https://www.imdb.com/title/tt5220122/,Movie,6.3,97.0,"Animation, Adventure, Comedy, Family, Fantasy, Horror",84554,7/13/18,Genndy Tartakovsky,"Columbia Pictures, Sony Pictures Animation",76.219,United States of America,en,528600000,433,80000000,2018,Hotel Transylvania 3: Summer Vacation,3
,https://www.imdb.com/title/tt9848626/,Movie,6.0,87.0,"Animation, Adventure, Comedy, Family, Fantasy, Horror",38484,1/14/22,"Derek Drymon, Jennifer Kluska","Sony Pictures Animation, Sony Pictures, MRC, Columbia Pictures",114.477,United States of America,en,18500000,433,75000000,2022,Hotel Transylvania 4: Transformania,4
,https://www.imdb.com/title/tt3470600/,Movie,7.1,108.0,"Animation, Comedy, Family, Musical",189929,12/21/16,"Garth Jennings, Christophe Lourdelet","Illumination, Universal Pictures, Fuji Television Network, dentsu",93.591,"Japan, United States of America",en,634151679,434,75000000,2016,Sing,1
,https://www.imdb.com/title/tt6467266/,Movie,7.4,110.0,"Animation, Adventure, Comedy, Family, Musical",85840,12/22/21,"Garth Jennings, Christophe Lourdelet","Universal Pictures, Illumination",137.91,United States of America,en,406000000,434,85000000,2021,Sing 2,2
,https://www.imdb.com/title/tt2015381/,Movie,8.0,121.0,"Action, Adventure, Comedy, Sci-Fi",1267585,8/1/14,James Gunn,Marvel Studios,51.118,United States of America,en,772776600,435,170000000,2014,Guardians of the Galaxy,1
,https://www.imdb.com/title/tt3896198/,Movie,7.6,136.0,"Action, Adventure, Comedy, Sci-Fi",755239,5/5/17,James Gunn,Marvel Studios,79.439,United States of America,en,863756051,435,200000000,2017,Guardians of the Galaxy Vol. 2,2
,https://www.imdb.com/title/tt13623136/,TV Special,6.9,42.0,"Action, Adventure, Comedy, Sci-Fi",93592,11/25/22,James Gunn,"Marvel Studios, Kevin Feige Productions, Troll Court Entertainment",43.919,United States of America,en,0,435,0,2022,The Guardians of the Galaxy Holiday Special,3
,https://www.imdb.com/title/tt6791350/,Movie,7.9,150.0,"Action, Adventure, Comedy, Sci-Fi",374642,5/5/23,James Gunn,"Marvel Studios, Kevin Feige Productions",150.268,United States of America,en,845600000,435,250000000,2023,Guardians of the Galaxy Vol. 3,4
,https://www.imdb.com/title/tt0499549/,Movie,7.9,162.0,"Action, Adventure, Fantasy, Sci-Fi",1380875,12/18/09,James Cameron,,13.549,,en,0,436,0,2009,Avatar,1
,https://www.imdb.com/title/tt1630029/,Movie,7.6,192.0,"Action, Adventure, Fantasy, Sci-Fi",488336,12/16/22,James Cameron,"20th Century Studios, Lightstorm Entertainment",272.294,United States of America,en,2320250281,436,460000000,2022,Avatar: The Way of Water,2
,https://www.imdb.com/title/tt0110148/,Movie,7.5,123.0,"Drama, Fantasy, Horror",345663,11/11/1994,Neil Jordan,Geffen Pictures,56.253,United States of America,en,223664608,437,60000000,1994,Interview with the Vampire: The Vampire Chronicles,1
,https://www.imdb.com/title/tt0238546/,Movie,5.2,101.0,"Drama, Fantasy, Horror",59732,2/22/02,Michael Rymer,"WV Films LLC, Village Roadshow Pictures, NPV Entertainment, Material, Warner Bros. Pictures",25.366,"Australia, United States of America",en,45479110,437,35000000,2002,Queen of the Damned,2
